2864 4334
684 347 841 452 (100)

290 499 364 574 turn
381 530 393 574 ,
413 479 519 582 ¹quod
542 498 728 568 maneret,
762 479 800 553 δι
822 493 893 568 non
916 473 1089 558 desineret
1111 482 1243 566 favere.

289 582 459 680 Opponet
489 577 579 652 forte
612 571 811 658 Burmanno
845 577 956 652 Boetii
990 579 1097 656 verba
1119 605 1141 658 e
1166 585 1243 664 Lib,

288 679 332 760 lt.
358 674 439 768 At,
471 673 607 752 omniurn
640 679 820 750 mortalium
837 669 947 778 stolidi
973 699 1058 771 rme,
1078 675 1115 776 fi
1138 710 1243 760 mane.

286 779 446 875 reincipit
463 777 476 869 ,'
499 772 578 850 Fors
598 767 657 872 effir
677 771 804 876 drfistit.
840 777 923 868 Quo
974 777 996 850 sr
1021 798 1138 856 tamen
1157 779 1187 858 F
1188 809 1244 860 or-

271 895 372 958 tuna
387 899 531 950 manens
548 874 680 948 diversa
703 873 743 946 iit
761 895 782 948 a
800 870 938 949 volubili
962 868 1026 952 ista
1052 878 1118 954 dea
1136 934 1147 971 ,
1173 906 1242 956 non
1310 919 1315 928 ·

288 969 398 1065 duas,
423 970 483 1048 sed
506 973 766 1072 quamplurimas
793 971 963 1048 Fortunas
992 964 1142 1052 diversas
1163 977 1242 1056 fuir

223 1138 229 1149 .
271 1075 322 1164 se
351 1075 496 1165 volunt,
520 1074 705 1171 quoniam,
722 1090 792 1144 tarn
811 1070 845 1144 in
862 1067 987 1166 lapidib
1054 1078 1240 1171 veteribus,

287 1191 389 1271 qnam
413 1175 562 1248 nummis
589 1169 763 1248 occurrit:
789 1168 936 1244 Fr‘rtunae
963 1170 1000 1244 A
1009 1173 1144 1268 patrici,
1163 1172 1247 1256 For·w

286 1289 369 1350 tunae
398 1271 591 1371 Augustae,
626 1269 778 1366 ‘Fortuna’
810 1271 1053 1364 Omnipotenti,
1092 1273 1246 1356 Fortunae¹

288 1365 543 1470 Conservarrici,
568 1361 713 1441 Fortunae
749 1358 963 1462 Obsequenti,
1004 1367 1151 1446 Forntnae
1172 1375 1246 1450 Re„

284 1471 384 1562 duri,
425 1461 572 1542 Fortunae
610 1463 831 1562 Respirirntir
869 1489 942 1562 quae
972 1467 1115 1562 omnia,
1150 1471 1238 1548 mul·

283 1588 320 1639 ta
338 1568 401 1640 alia
425 1565 585 1640 Fortunoe
608 1565 779 1637 adtributa
797 1563 999 1656 mittamus,
1024 1567 1120 1644 unius
1143 1565 1233 1644 stan-

273 1659 327 1754 ¹tis
342 1665 378 1740 in
398 1664 483 1742 orbe
500 1666 574 1752 dere
590 1665 744 1759 epitheta
761 1659 830 1736 esse
849 1717 861 1752 ,
890 1664 1040 1739 ciamare
1060 1689 1132 1741 non
1149 1663 1235 1744 riesr·

282 1783 378 1842 nunt.
648 1774 657 1792 '
991 1763 995 1772 '
1183 1781 1185 1786 ’
1240 1767 1245 1776 ’
1328 1802 1331 1835 s

330 1861 413 1961 Pag.
431 1887 516 1955 400.
548 1863 634 1936 Grex
656 1862 727 1956 agit
747 1851 884 1956 infrena
897 1859 1037 1940 mimum,
1088 1863 1146 1940 Ad
1172 1861 1245 1940 ista'

179 1993 181 1996 ·
279 1966 391 2037 verba'
406 1963 620 2038 Burmannus
647 1978 768 2032 notat:
800 2014 825 2050 ,‚
859 1959 973 2058 Gregir
995 1960 1137 2061 npmine
1160 1988 1234 2038 me.

281 2119 304 2154 „
331 2062 399 2135 rito
426 2059 588 2134 colluvies
618 2057 671 2130 illa
697 2051 929 2131 viliffimorum
953 2055 1133 2144 hominurn
1158 2061 1238 2139 inn-
1312 2082 1314 2088 ⁴

281 2215 306 2252 ‚‚
330 2159 443 2258 gnitur
465 2157 495 2233 ''.
548 2155 595 2232 Et
616 2151 693 2250 post
718 2149 974 2250 inscriptionem
1005 2157 1126 2254 iapidir
1149 2161 1233 2235 enti-

279 2256 379 2356 quie
401 2257 556 2331 Grutero
582 2249 788 2349 adscriptam
802 2263 815 2327 't
865 2297 888 2342 ,4
910 2254 1038 2330 Graece
1063 2256 1234 2334 honestius

279 2412 304 2449 ‚,
330 2358 504 2430 vocabant
533 2351 659 2428 Σόιαδοι
683 2351 716 2428 ,”.
766 2351 907 2425 Docent
924 2375 986 2426 nos
1005 2351 1087 2446 issa,
1104 2357 1250 2432 vocem}

279 2458 415 2552 Gregis,
436 2453 580 2552 posnam
605 2450 648 2526 ad
664 2450 796 2524 nitores
815 2449 968 2526 scenicos
985 2451 1242 2548 denotandum,.

276 2553 405 2630 habere
422 2554 648 2641 convicium,
682 2548 722 2625 ἃ
744 2549 871 2622 merito
897 2549 969 2623 dari
992 2549 1149 2628 colluviei
1168 2554 1250 2635 hn-.‘

275 2653 408 2726 minum
426 2652 671 2725 vilisfimorum.
720 2647 825 2746 Atqui
856 2667 937 2722 ante
956 2646 1230 2728 hanc'Burmana
1272 2712 1275 2718 .

274 2748 310 2823 ni
339 2747 616 2827 observationem
641 2771 705 2822 nos
732 2749 934 2843 putabamus
958 2747 993 2820 in
1012 2772 1102 2824 voce
1119 2747 1229 2850 gregis

273 2871 337 2946 pro
365 2845 509 2921 scenicis
526 2846 694 2921 actoribus
710 2841 923 2944 posrta'nihil
947 2868 1059 2946 neque
1085 2851 1229 2944 turpitua

273 2947 388 3036 dinis,
420 2969 533 3045 neque
558 2944 708 3020 convicii
736 2942 853 3018 inesse.
902 2936 1066 3036 Plautus,
1091 2939 1230 3022 Teren-v
1301 3034 1304 3040 ,

272 3049 354 3135 tius,
378 3043 500 3142 aliique
522 3045 700 3142 scriptores
725 3062 864 3137 veteres
887 3065 1030 3134 omnes,
1055 3044 1226 3140 vocabulo

158 3195 162 3214 .
269 3151 378 3243 gregis
397 3145 545 3220 artifices
570 3143 725 3218 scenicos
750 3141 960 3238 desrgnant‚
999 3139 1118 3216 etiam'
1144 3167 1223 3219 curn

272 3246 427 3318 maxime
451 3267 511 3318 eos
534 3243 672 3318 laudare
695 3241 847 3330 volunt,
886 3262 955 3314 non
991 3238 1089 3314 aliter
1121 3261 1224 3342 atque

270 3341 443 3432 consules,
470 3363 654 3438 praetorer;
680 3339 817 3424 aediles,
841 3339 1045 3434 pontifices,
1069 3337 1135 3414 suis
1160 3365 1223 3416 vo-

269 3437 396 3516 cabulis
426 3439 647 3538 adpellantur.
715 3438 773 3528 An
806 3437 843 3512 in
876 3431 1003 3545 nostra·
1030 3435 1222 3610 Angloiim
1266 3519 1271 3528 ,

506 3579 508 3583 ,
1181 3553 1240 3612 ῃ,
