2864 4332
752 235 763 270 l

271 487 385 568 ¹uellet
398 483 433 558 se
449 429 622 593 nunquam
639 365 688 556 it(a
701 371 896 578 sgctipiffec·
925 482 1228 562 Grammaticailri

278 585 390 661 forsan
421 584 613 679 objicerent
644 603 707 676 per
739 585 880 656 animam
912 583 1054 683 intelligi
1086 586 1227 676 vitam,

280 704 338 788 aut
358 680 511 776 spiritum
540 680 682 758 vitalem
707 735 719 772 ,
751 683 808 778 qui
832 683 955 756 dicitur
979 687 1091 781 expelli
1109 735 1131 776 ,Δ
1148 687 1229 780 abji-

279 787 331 892 ci,
355 781 429 949 erpi
438 830 452 868 ,
478 777 633 890 srferro,
648 800 711 858 ant
725 779 873 878 laqueo,
900 801 957 856 aut
975 783 1011 854 vi
1029 805 1230 892 quacunque

281 883 345 956 aha
362 904 384 952 e
421 899 545 973 orpote
563 881 744 988 abigatur,
767 879 858 977 quod
874 879 970 954 secus
984 879 1056 955 sese
1073 881 1178 956 habet
1194 902 1230 958 ln

281 999 395 1054 morte
408 999 479 1050 non
496 977 685 1052 voluntarla
706 1006 718 1070 3
743 993 782 1048 ut
804 979 894 1074 apud
911 977 1087 1073 Nepotem
1103 979 1139 1053 in
1154 981 1232 1052 loco

281 1078 414 1174 prolato
447 1077 631 1151 Craterum
664 1074 807 1148 ducem*
823 1079 932 1170 animo
964 1078 1143 1174 relinquit,
1176 1077 1232 1150 ille

285 1199 363 1249 eam
388 1197 459 1248 non
485 1173 615 1268 expulit
639 1191 800 1269 tanquam
816 1173 973 1249 invitam.
992 1175 1117 1268 ‘Quod
1141 1173 1168 1248 st
1192 1197 1229 1248 e·

280 1275 418 1374 jusdem
434 1271 498 1346 srnt
512 1268 691 1367 potestatis
705 1273 896 1347 locutiones
912 1328 923 1364 ,
950 1277 1042 1370 apud
1057 1275 1234 1369 Nepotem

221 1443 222 1446 ,
285 1376 375 1450 salva
389 1369 559 1452 sententia
575 1371 700 1444 eadem
723 1369 790 1466 legi
812 1369 950 1466 posset:
978 1397 1071 1468 quum
1096 1375 1176 1444 alter
1197 1396 1235 1443 o-

286 1475 405 1546 rimum
438 1471 494 1540 reli
535 1484 618 1540 neret
646 1520 659 1558 ,
696 1469 789 1565 quod
822 1493 944 1546 verum
983 1469 1053 1544 effe
1095 1491 1234 1566 negant.

287 1570 399 1652 Iidem
412 1481 659 1738 quoqRajum
675 1567 789 1648 locum
804 1590 826 1640 e
844 1568 977 1644 Caesare
992 1567 1148 1644 omnium
1169 1569 1235 1642 mi-

288 1667 392 1744 nime'
407 1689 451 1738 eo
475 1688 538 1760 per
556 1664 651 1746 'nete
668 1665 763 1768 ,ubi
790 1667 933 1741 Sextum
957 1668 1156 1757 Batulum,
1180 1667 1238 1764 qui
1307 1730 1309 1735 .

258 1799 259 1802 ¹
288 1767 383 1842 diem
400 1784 476 1849 ,tum
500 1760 654 1860 quintum
680 1765 760 1858 cibo
784 1784 968 1857 caruerat,
994 1767 1154 1864 gravibus
1180 1789 1237 1839 ac·

258 1909 259 1914 =
290 1863 408 1960 ceptis*
424 1861 618 1936 vulneribus
651 1864 783 1936 animus
817 1864 981 1961 reliquit,
1014 1863 1107 1962 quud
1130 1867 1247 1938 inter:

290 1987 369 2061 pres
395 1957 540 2044 Graecus
564 1964 655 2034 bene
681 1961 783 2035 effert
807 1985 870 2058 per
895 1960 1138 2059 ἐλιποψύχηη,
1162 1962 1184 2037 i.
1203 1986 1235 2062 e.

291 2060 399 2138 animi
419 2060 602 2156 deliquium
627 2058 735 2154 pallus
763 2059 823 2134 ell.
890 2063 1051 2136 Clamant
1072 2079 1240 2156 praeterea

291 2163 433 2233 animoa
458 2177 559 2254 atque
583 2162 724 2230 animum
750 2158 851 2254 longe
878 2159 1010 2236 diversa
1035 2159 1238 2256 significare,

260 2329 261 2336 ,
290 2277 359 2344 nec
383 2259 524 2330 animum
549 2277 701 2351 unquam
725 2280 788 2350 pro
812 2256 883 2350 ipsa
907 2258 1001 2347 vita,
1040 2277 1098 2330 aut
1122 2255 1239 2353 spiritu

258 2392 261 2402 >
291 2353 386 2430 vitali
411 2352 534 2448 accipi
584 2355 633 2426 m
656 2353 701 2428 illi
724 2353 783 2428 sua
799 2355 860 2430 fibi
877 2355 1048 2444 habeant,
1073 2378 1135 2430 uos
1159 2354 1240 2430 saue

293 2473 332 2540 ut
352 2453 389 2526 in
415 2452 574 2533 omnibus
593 2452 699 2526 etiam
718 2454 775 2526 hic
795 2453 982 2529 Burmanni
1002 2452 1241 2528 austoritatem

292 2550 484 2648 sequimur;
511 2572 579 2624 nec
588 2551 783 2624 addendum
795 2553 983 2650 quidquam
1000 2553 1141 2648 amplius
1159 2573 1242 2624 cen·
1344 2627 1361 2644 Ι,

292 2646 405 2725 samus‘
420 2649 481 2722 illis
499 2703 509 2736 ,
533 2672 607 2743 quae
623 2647 805 2747 suprajam
819 2649 893 2722 sunt
918 2671 1093 2726 annotata

334 2745 426 2842 Pag.
454 2752 539 2838 3665
562 2745 770 2837 Fortunata,
814 2763 850 2820 ut
873 2772 914 2822 ert
936 2773 1019 2844 aquo
1036 2753 1095 2845 jus
1109 2748 1244 2844 firmum

261 2845 509 2940 adprobaret,
549 2847 726 2926 maledicere
755 2844 977 2920 Trimalchioni
1011 2851 1110 2944 copie.
1169 2848 1243 2920 Au·

292 2944 365 3034 dite
389 2941 623 3020 Burmannum
649 2965 712 3038 pro
737 2967 836 3022 xmore
859 2943 1070 3020 suoerudite
1088 2945 1169 3020 illud
1187 2947 1247 3040 jur

287 3039 420 3140 firmum
442 3040 692 3134 explicantem:
716 3095 757 3135 ‚‚,
774 3042 843 3136 Jns
859 3041 991 3138 firmum
1015 3045 1162 3140 (inquit)
1188 3062 1243 3138 ap·

295 3195 319 3232 ,‚
339 3140 492 3235 probare,
519 3137 570 3212 est
585 3136 767 3212 ostendere
787 3140 826 3214 ἃ
843 3142 1047 3237 persuadere
1060 3209 1062 3216 l
1074 3142 1263 3231 convivis,

296 3288 321 3329 ,‚
346 3237 407 3310 srbi
424 3259 494 3310 non
511 3236 685 3311 licentiam
710 3238 941 3314 maledicendi
958 3240 1170 3336 usurpatam,
1185 3238 1247 3320 sed

299 3360 324 3426 ,3
347 3335 404 3406 illo
418 3334 533 3412 mariti
550 3334 598 3408 sui
619 3336 712 3410 facio
726 3337 893 3412 indecoro
910 3341 963 3437 jus
982 3357 1116 3412 certum
1132 3336 1171 3413 <it
1187 3339 1246 3413 fir-
1266 3375 1268 3380 v

297 3482 326 3526 u
350 3453 446 3506 mum
471 3435 693 3544 conviciandi
717 3429 787 3510 esse
811 3437 983 3536 quaesitum
1016 3437 1046 3516 ’.'.
1086 3436 1145 3536 ‘Et
1171 3435 1246 3611 'epui-

362 3579 366 3586 -
1203 3555 1243 3606 us

504 3825 507 3830 ,
561 3792 569 3826 l
