2864 4334
834 253 1229 298 -m

680 319 700 412 ,(
727 312 832 410 ¹79)
1121 399 1127 410 ,

288 464 466 543 tempora,
492 459 571 535 quae
592 435 647 512 illa
675 437 853 536 nogiogilo
876 435 1013 514 duobus
1035 437 1234 534 verucula,

286 541 427 644 quando
443 559 569 634 nempe
584 534 671 610 enfis
681 536 836 634 Syllanus
853 535 944 624 bibit
958 539 1178 638 sanguinem,
1194 537 1232 614 &

202 723 207 734 ,
288 645 390 717 tellus
415 636 547 710 inculta
570 633 687 734 fruges
705 637 851 710 nutritas
877 635 1040 736 sanguine
1063 640 1099 711 in
1116 635 1232 712 lucem

213 761 216 766 ·
287 739 426 814 extulit.
476 733 559 810 Nos
576 731 652 806 sane
669 736 717 806 ita
733 731 1012 831 intelligebamus
1027 739 1107 808 ante'
1129 759 1233 836 quam

287 858 372 914 nota
392 835 584 908 *Burmanni
598 831 642 906 ad
661 831 756 908 hunc
778 833 896 906 iocum
923 833 1024 909 nobis
1037 855 1110 907 erat
1133 831 1232 908 ledea.

287 935 447 1028 Verum,
471 951 511 1006 ut
536 930 609 1006 aliia
631 931 773 1008 eruditis
801 931 946 1006 aliorum
966 932 1149 1009 audlorum
1173 927 1245 1004 exi

289 1033 433 1132 plicatio
460 1027 584 1108 melius
605 1025 691 1116 solet
725 1027 932 1126 procedere,
974 1032 1022 1103 ita
1047 1030 1235 1104 Burmanni

287 1123 433 1206 acumen
455 1127 643 1230 praesertim
668 1126 784 1200 elucet
812 1130 847 1200 in
871 1130 987 1228 poe'tis
1010 1128 1235 1222 explicandis.

241 1317 244 1324 .
289 1231 348 1308 sic
364 1222 443 1306 ille:
473 1281 501 1321 ‚,
518 1227 665 1301 Horrida
678 1223 808 1322 tellusf]
846 1226 883 1299 Si
899 1227 1038 1299 horrida
1061 1225 1128 1322 fit,
1146 1250 1235 1325 quo·

289 1380 317 1424 „
342 1325 451 1402 modo
468 1325 585 1424 Fruges
596 1319 740 1397 efferat?
766 1322 904 1398 Deinde
921 1349 993 1414 non
1010 1346 1118 1421 puto,
1144 1325 1232 1421 poe'·

271 1423 317 1524 '„
339 1445 412 1500 tam
429 1423 583 1497 nostrum
598 1421 757 1494 ultimam
776 1425 813 1494 in
828 1429 904 1517 ansts
922 1423 991 1498 fine
1008 1424 1136 1498 caesura
1151 1447 1233 1520 pro·

291 1577 318 1620 ‚,
342 1519 467 1625 duc'ere
486 1519 641 1619 noluisse.
675 1518 903 1594 Scribendum
922 1541 1010 1620 puto
1022 1522 1154 1620 sordido
1169 1522 1232 1593 tel·

290 1674 317 1719 „
342 1620 406 1694 lus.
433 1617 691 1704 §Primalitera
714 1617 899 1693 adhaeserat
924 1621 1058 1696 ultimae
1080 1630 1116 1696 τῦ
1138 1626 1236 1714 ansts,

291 1772 319 1814 ,‚
342 1719 380 1796 &
396 1721 528 1824 ofdida,
549 1719 646 1816 quod
662 1706 830 1817 restabat,
853 1716 874 1792 ὲ
898 1717 1037 1792 librario
1055 1721 1090 1791 in
1106 1719 1237 1792 horrido

291 1871 320 1918 ‚,
346 1817 415 1890 fuit
431 1835 625 1917 mutatumf
665 1815 824 1907 Sordida,
844 1840 953 1915 ergo,
970 1819 1083 1908 tellus,
1109 1817 1146 1892 &
1165 1840 1238 1888 ma·

293 1970 321 2012 ,‚
346 1915 479 1989 defo&
503 1912 665 2011 sanguine
685 1907 767 1986 belli
791 1913 920 2011 Syllani
946 1915 1173 2009 &Mariani‚
1195 1913 1239 1988 ab

293 2068 321 2110 „
344 2038 388 2089 eo
406 2034 564 2110 tempore
581 2011 741 2111 quievit,
760 2009 912 2117 &nquafi
930 2011 1102 2107 laetamine
1125 2016 1239 2114 aliquo

194 2113 207 2128 ⁴
241 2125 244 2138 '
294 2165 322 2208 „
346 2113 407 2186 illo
426 2121 550 2184 cruore
569 2105 809 2209 pinguefasta',
831 2112 957 2184 extulit
974 2109 1103 2209 fruges.
1141 2115 1238 2212 Qua·

295 2263 323 2305 ‚,
347 2235 383 2284 re
418 2211 487 2306 jam
514 2207 564 2284 fas
584 2207 650 2286 elle
673 2209 742 2300 ait,
764 2210 890 2282 iterum
929 2207 1019 2282 bella
1041 2217 1175 2288 moveri
1202 2212 1240 2287 ὅ(

295 2362 322 2403 ,,
344 2308 434 2406 agris
452 2305 646 2404 vastitatem
664 2303 795 2380 induci.
824 2305 897 2380 &c.
915 2309 938 2338 ”
965 2310 1095 2383 Denuo
1112 2335 1173 2383 nos
1187 2311 1252 2383 faa

297 2427 413 2480 temur
437 2428 567 2482 meram
599 2403 783 2504 caliginem
806 2405 900 2508 polle
926 2407 1035 2482 videri
1058 2407 1156 2480 istam
1175 2432 1240 2481 no·

296 2527 368 2580 tam
393 2501 670 2601 imperitioribus
678 2535 693 2592 3
719 2503 774 2576 sed
801 2503 872 2596 illi,
887 2503 929 2576 ad
945 2505 1099 2578 nostrum
1119 2507 1241 2601 illum,

295 2604 383 2686 nihil
396 2603 541 2702 sapiunt.
566 2601 649 2680 Nee
668 2618 819 2677 erratum
835 2627 854 2675 a
869 2596 1069 2680 Burmanno
1086 2603 1158 2694 est,
1183 2628 1242 2682 ex·

297 2701 460 2794 plicando
487 2699 606 2775 locum
630 2696 752 2773 vitiose
774 2699 811 2772 in
838 2697 1154 2777 Amstelaedamenfi
1169 2705 1241 2776 edi·

298 2800 396 2880 tione
409 2796 628 2889 exhibitum,
648 2795 843 2894 typothetis
859 2798 901 2886 ᾤ
918 2799 1171 2884 omittentibus.
1204 2801 1242 2874 Si

297 2898 392 2974 enim
416 2894 480 2967 ista
502 2893 614 2974 fuiffet
641 2917 661 2965 a
685 2895 976 2996 Petronianum,
1001 2900 1059 2994 uvir
1075 2897 1241 3002 lagaciffi·

298 3019 376 3072 mus
392 2991 508 3066 statim
524 2991 560 3067 id
577 2989 738 3070 odoratus
754 2991 880 3074 fuiffet.

346 3141 431 3250 Pag.
452 3151 532 3246 576.
547 3171 649 3198 -··-
670 3165 750 3195 ·····
771 3145 884 3237 Rupta
899 3095 1053 3219 tonabant

528 3277 533 3289 ’
555 3247 738 3321 Vorticibus
750 3245 844 3336 lapſss
864 3249 977 3316 montis
981 3246 1077 3342 juga.
1164 3263 1165 3267 ’

167 3483 171 3497 x
246 3479 249 3486 ‚
285 3365 344 3466 'Id
359 3369 430 3468 est:
457 3419 541 3476 cum
569 3394 753 3474 cacumina
773 3391 949 3470 montium
969 3373 1244 3470 deciderent'in-

380 3523 385 3532 ¹
497 3521 503 3534 ”
1101 3508 1243 3592 gentem
