2856 4330
293 274 1288 321 η--ῄ--λ

314 496 400 665 ἔξω
416 491 564 580 vocant,
582 507 621 566 ut
640 368 886 588 soleitlpiaollrin
903 492 940 566 in
964 489 1029 566 illo
1045 493 1132 568 libro
1151 517 1261 569 voces
1299 574 1302 582 ,

354 590 488 692 speltae.
534 591 590 666 Nil
606 589 684 664 sane
698 592 778 664 mali
800 611 859 664 aut
880 589 1004 684 insoliti
1022 591 1108 665 fecit
1125 594 1260 687 editor,
1296 659 1299 668 ,

315 713 424 788 quum
455 713 612 780 uocem,
645 714 752 789 quam
783 687 967 764 videbatur
997 689 1058 765 fibi
1085 691 1118 764 le
1142 715 1203 765 ere
1224 691 1262 766 in

315 787 389 864 MS.
407 811 474 862 nec
500 803 617 862 tamen
638 787 861 886 intelligeret,
887 788 1092 880 retinuerit,
1117 716 1176 863 fied
1192 791 1260 865 alio

281 925 282 928 ¹
313 886 640 984 literarumgenere
666 885 893 982 expresserit,
925 887 1116 962 admonens
1143 888 1192 961 ita
1215 889 1263 962 le·

313 981 426 1058 'tiores
457 987 563 1060 latere
599 987 695 1060 ulcus
725 983 872 1081 aliquod.
933 982 1107 1060 Ponuntur
1140 1005 1260 1062 autem
1352 1033 1354 1038 -

313 1101 456 1160 ornnem
480 1104 623 1180 operam
644 1083 878 1160 Nodorianam
901 1080 1019 1156 fittam
1043 1081 1113 1156 elle
1138 1081 1178 1158 dt
1200 1107 1261 1157 va·

313 1201 413 1277 nam3
434 1200 470 1254 at
488 1202 584 1256 certe
606 1181 676 1255 hoc
691 1203 814 1254 vetum
838 1179 888 1253 est
904 1177 1086 1278 hospitium,
1113 1203 1183 1254 non
1206 1184 1260 1252 lo-

304 1273 419 1374 spitti,
437 1279 495 1355 -ibi
517 1280 612 1377 legi,
636 1277 675 1355 ἃ
693 1277 923 1352 mutationem
944 1282 979 1352 in
1000 1277 1171 1376 auspicimn
1194 1277 1262 1354 dif-

310 1377 439 1451 ficilem
461 1401 531 1452 non
545 1377 626 1452 elle.
676 1377 756 1450 Non
776 1374 947 1452 debuillet
970 1377 1073 1474 igitur
1089 1377 1259 1451 llurman·

230 1557 232 1566 y
312 1495 376 1547 nur
399 1474 559 1572 scripfiss'e
586 1473 636 1549 ibi
654 1471 779 1572 hospitio
804 1475 891 1572 legi,
918 1475 1011 1572 quod
1028 1473 1173 1572 intelligi
1188 1499 1258 1550 non

311 1572 403 1668 quit:
433 1573 493 1648 nist
509 1573 533 1647 st
549 1571 744 1670 prudenter
759 1569 946 1647 statuamus
964 1572 1044 1648 talia
1065 1573 1193 1665 liceto,
1219 1593 1259 1648 ut

313 1669 442 1746 Galluli
461 1691 557 1746 tanto
566 1671 673 1770 magis
688 1667 963 1749 ridiculi&fidei
976 1671 1100 1770 pejoris
1116 1671 1259 1748 videtur-

227 1778 230 1784 '
311 1784 368 1840 tur
382 1769 562 1867 impetitio.
660 1773 662 1780 ’
728 1827 731 1832 -

358 1865 447 1966 Pag,
457 1880 541 1966 488.
576 1923 600 1959 „
623 1867 745 1948 Florus
772 1887 878 1944 vocat
899 1866 1024 1944 Sardos
1045 1885 1169 1966 gentem
1189 1894 1258 1944 corr-

311 2017 334 2053 „
362 1981 515 2040 tttmottm
541 1963 584 2050 &⁹
607 1969 680 2040 vilis
701 1973 837 2058 mortis,
868 1989 967 2054 non,
994 1985 1046 2058 ⁴ut
1064 1969 1253 2042 -satntafiur

312 2115 336 2151 „
361 2065 471 2162 legit,
500 2069 573 2138 uilis
597 2067 745 2140 morti''..
780 2067 899 2162 Verba
934 2064 1011 2138 sunt
1037 2065 1254 2157 Burmanni,

309 2160 355 2236 src
387 2164 510 2237 leviter
528 2162 940 2259 irnprobantit'Salmasrii
960 2161 1173 2256 motionem,
1199 2169 1257 2240 cui

305 2267 429 2338 ‘tamen
453 2261 573 2336 favent
588 2261 700 2338 Codd.
729 2259 894 2352 Palatini,
924 2260 1099 2336 indicante
1123 2265 1256 2338 Grute-

309 2379 349 2432 το
363 2411 388 2456 ,Ν
404 2353 446 2436 ''&
461 2359 606 2434 Dukero
621 2379 765 2436 notante
782 2359 865 2440 alios
889 2359 1002 2435 Codd.
1030 2382 1112 2433 cunr
1132 2357 1257 2443 Palati-

308 2456 360 2530 nis
380 2450 593 2549 convknire,
625 2459 748 2556 quibus
770 2457 826 2532 ille
848 2456 954 2530 etiam
979 2459 1254 2554 obtemperavit,

309 2556 448 2726 lespens:
485 2573 563 2653 gens
585 2573 779 2646 contumax,
811 2559 939 2651 ollisque
970 2559 1087 2631 mortis.
1136 2556 1255 2631 Locus

307 2675 328 2726 e
383 2656 461 2731 Lib.
478 2657 520 2730 ll.
546 2677 576 2731 c.
598 2662 632 2729 6.
681 2657 721 2730 ln
747 2679 816 2751 quo
837 2654 958 2742 liceat,
974 2652 1181 2752 quesumus,
1197 2653 1257 2728 ali-

308 2753 391 2848 ²quid
413 2775 556 2826 monere
582 2753 626 2827 de
649 2753 915 2850 significatione,
944 2775 1048 2849 quam
1064 2753 1177 2848 paullo
1196 2753 1253 2826 ali-

305 2868 360 2922 ter
378 2848 583 2948 capiendam
610 2869 780 2947 putamus.
832 2853 913 2925 Gens
938 2850 1032 2924 eninr
1065 2854 1138 2923 nilis
1161 2855 1273 2926 morti

300 2944 379 3039 est,
403 2971 507 3048 quam
532 2948 627 3023 Mora
650 2949 744 3024 haud
769 2949 884 3048 magni
906 2945 1010 3036 facit,
1035 2950 1091 3022 cui
1111 2971 1254 3045 propter

297 3046 512 3146 dignitatem
532 3070 603 3121 non
618 3047 702 3122 solet
718 3071 881 3144 parcere,
903 3068 925 3120 e
951 3069 1019 3144 qua
1036 3048 1162 3120 multos
1178 3070 1254 3122 me-

305 3145 346 3220 tit
371 3171 453 3222 cum
476 3144 603 3243 exiguo
625 3143 970 3242 prestantiffimarurn
1001 3144 1169 3218 virtutum
1192 3145 1253 3220 da-

304 3267 417 3334 mno,
445 3241 551 3343 quum
577 3244 622 3317 illi
654 3245 759 3316 nullas
784 3245 1063 3340 habeant,·quae
1095 3243 1252 3319 homines

296 3341 411 3417 solent
436 3365 534 3416 caros
548 3342 691 3430 lacere,
723 3361 783 3414 aut
805 3339 980 3434 pretiosor.

347 3438 431 3541 Pag.
449 3463 535 3538 492.
563 3441 610 3516 Et
635 3442 715 3542 quod
734 3455 859 3536 utroque
878 3445 1033 3535 potentius
1052 3438 1114 3540 est,
1139 3441 1251 3613 inguit

295 3567 336 3588 ι’,
476 3557 479 3574 t
1207 3564 1247 3612 e.
