2864 4334
220 285 507 304 ,Μ’
520 287 532 296 “

628 351 770 442 (133.)
889 357 903 445 Ξ

158 509 163 516 ,
223 465 325 562 pius,
349 463 388 542 ἃ
402 489 486 542 curn
503 461 646 540 taudem
669 464 805 539 videret
821 457 904 534 nihil
919 456 1078 556 expediri
1095 457 1171 556 pos-

112 643 118 652 ,
222 566 287 656 se,
310 565 386 638 haec
401 563 478 638 satis
501 566 686 660 prudenter
711 558 857 634 addidit:
883 613 906 649 ‚,
927 559 1035 729 qpsam
1061 558 1172 633 ficel-
1275 579 1278 582 ·

222 714 248 754 ‚,
273 665 341 736 lam
356 663 477 742 uidere
500 663 638 749 liceret,
660 659 792 736 facilior
813 659 911 733 nobis
947 657 1045 730 ensus
1062 681 1106 730 ex
1120 658 1171 730 his
1203 671 1205 676 '

224 807 249 850 n
271 761 384 836 verbis
418 760 628 834 eliceretur”
678 759 736 834 Sic
769 754 820 833 est
850 756 920 830 stne
954 753 1072 831 dubio.
1122 755 1172 848 At

222 859 300 956 quis
324 860 454 956 peterit
484 881 628 956 usquam
649 857 811 954 cuiquam
829 853 1012 928 ostendere
1027 855 1172 942 domos,

226 977 429 1032 aurearum
454 977 568 1052 partes
588 1012 598 1046 ,
623 981 699 1053 quae
725 977 893 1050 nusquam
918 952 1024 1044 sunt,
1049 952 1109 1027 nist
1135 952 1171 1051 in

224 1053 334 1145 libris,
359 1077 444 1152 quos
466 1074 613 1144 uocant,
634 1051 915 1128 Romanenfibus.
966 1053 1104 1126 Eodem
1113 1051 1169 1148 ju·
1226 1049 1229 1056 '

225 1177 264 1226 re
281 1151 450 1248 postulare
477 1152 551 1250 quis
573 1151 682 1247 poffet
693 1205 705 1242 ,
736 1171 774 1224 ut
791 1149 853 1238 fibi
872 1147 1109 1224 ostenderetur
1126 1147 1170 1234 ast

189 1281 190 1286 ¹
225 1274 317 1341 nus,
349 1253 384 1326 in
407 1273 511 1348 quem
536 1250 637 1326 miser
664 1249 730 1323 iste
754 1248 918 1345 Apulejus
941 1247 1172 1348 fuitconve17

171 1423 174 1428 .
223 1346 296 1438 sus,
322 1371 382 1426 aut
398 1347 584 1424 Photidem
601 1350 782 1424 Venerem
799 1348 986 1443 pendulam
1003 1367 1171 1450 exercen-

228 1464 312 1524 tem.
386 1491 388 1495 v
680 1483 683 1490 ¹
860 1496 863 1502 -
1150 1519 1155 1529 ,

272 1545 355 1648 Pag.
376 1558 461 1642 461.
497 1549 541 1619 Iu
564 1549 652 1620 lance
677 1562 825 1643 argenteo
845 1546 989 1618 indicium
1014 1540 1057 1628 &⁹
1074 1540 1170 1638 fidem

216 1645 415 1741 proferebat.
437 1705 440 1712 .
466 1643 618 1724 ,Scilicet
656 1663 809 1720 narratur
824 1643 872 1724 ibi
899 1660 1015 1738 praeco
1032 1643 1170 1740 procia-

219 1743 326 1816 muffe
342 1742 443 1840 ¹mille
463 1765 624 1818 nummos
652 1743 772 1816 datum
788 1740 830 1814 iri
858 1740 989 1832 indici,
1016 1742 1075 1839 qui
1090 1741 1167 1822 ted·¹

220 1839 358 1914 didiffet
381 1855 439 1916 aut
463 1835 755 1916 commonstraffet
773 1839 943 1917 Gitonem
958 1842 1071 1934 paullo
1087 1859 1169 1918 ante
1226 1845 1227 1850 ’

213 1935 258 2034 ‘in
285 1940 411 2012 balneo
436 1935 622 2033 perditum.
681 1937 836 2036 Ascyltos
863 1958 982 2012 autem
1006 1960 1167 2012 nummos
1207 1943 1216 1956 '

222 2033 313 2106 mille
345 2035 454 2109 indici
470 2033 647 2132 promiffos
661 2034 697 2109 in
715 2055 876 2134 argentea
899 2037 996 2110 lance
1020 2033 1167 2133 praeiere

222 2134 302 2223 bat,
326 2158 457 2230 eosque
480 2157 640 2206 nummos
666 2132 847 2211 Petronius
871 2155 975 2208 vocat
1000 2138 1165 2224 indicium,

220 2231 243 2303 i.
265 2253 297 2304 e.
324 2234 505 2330 praemium
528 2232 636 2307 indici
652 2234 819 2319 dandum,
847 2227 888 2314 id
897 2232 1014 2328 fidem3
1040 2231 1169 2307 scilicet

218 2330 313 2426 quod
335 2332 442 2404 iidem
468 2337 599 2406 nummi
628 2331 783 2406 facerent
808 2331 915 2404 fidem
936 2333 1061 2408 nuttam
1075 2331 1167 2404 frau-

219 2433 301 2504 dem
321 2431 572 2541 qnetuendam,
590 2429 676 2504 serio
691 2428 764 2526 agi,
779 2451 846 2504 nec
863 2425 972 2510 solum¹
988 2449 1166 2528 argentum

216 2527 391 2618 promitti,
415 2528 603 2602 sedetiam
632 2526 744 2601 statim
767 2551 891 2607 revera
913 2526 1019 2601 indici
1044 2529 1166 2602 datum

216 2623 279 2714 iri,
297 2647 420 2724 utpote
435 2629 509 2724 jam
531 2645 690 2722 paratum
705 2624 743 2700 dt
758 2625 933 2723 praesens..
961 2627 1053 2708 Fides
1068 2623 1165 2722 quip-

217 2746 263 2816 pe
286 2724 460 2798 interdum
482 2725 628 2820 positum
653 2724 779 2822 legitur
805 2749 867 2820 pro
892 2745 989 2799 certo
1006 2723 1044 2800 ἃ
1063 2724 1163 2798 indu-
1257 2765 1261 2773 f

214 2819 346 2894 bitabili
364 2823 457 2918 signo
473 2847 514 2894 ac
530 2825 740 2900 documento
766 2823 904 2914 aiicujus
922 2823 994 2915 rei,
1015 2843 1052 2910 ut
1071 2823 1162 2920 apud
1214 2832 1217 2838 ’

209 2916 381 3012 Justinum
405 2921 484 2994 Lib.
502 2921 567 2995 IX..
586 2946 616 2997 c.
637 2948 669 2996 2.
723 2923 851 3017 Viginti
873 2925 974 2995 miliia
996 2943 1162 3019 puerorum

131 3113 134 3119 Ι
214 3040 253 3088 ac
270 3014 469 3112 feminarum
493 3037 605 3115 coptu,
630 3022 746 3115 pacarit
769 3044 887 3114 magno
911 3025 980 3107 uir,
1015 3025 1087 3092 auri
1107 3045 1158 3091 ar-

212 3118 355 3209 gentique
392 3118 478 3188 nihid
529 3121 583 3192 Eu
611 3121 749 3213 primum
768 3116 846 3212 fidet
876 3120 985 3212 inopiae
1010 3119 1159 3214 Scythica

92 3213 96 3250 ³
203 3210 287 3308 fuit.
341 3211 389 3286 Et
409 3213 440 3287 F
441 3215 529 3288 lotus
555 3216 633 3290 Lib.
661 3216 686 3289 l.
710 3240 740 3288 c.
762 3240 794 3287 2.
847 3215 975 3308 Junum
995 3219 1157 3311 geminum

205 3314 302 3410 fidem
321 3313 407 3406 pacis
421 3337 462 3395 qt
480 3314 550 3400 belli
579 3333 692 3387 vocat.
743 3312 899 3400 Priorum
916 3315 1032 3392 locum
1050 3313 1157 3391 etiam

199 3413 291 3489 nuic
313 3412 390 3484 loco
408 3410 541 3488 addidit
557 3410 610 3487 vir
633 3411 797 3502 eximius,
818 3434 938 3509 ,eoque
955 3410 1029 3488 usus
1047 3411 1097 3488 est
1115 3415 1155 3490 sr-

698 3509 782 3606 '13
1062 3513 1151 3588 mili-
