2864 4334
686 360 699 446 (
727 347 833 439 110)

270 437 435 672 fflam
452 465 599 572 linguam
617 473 783 547 conversa
798 529 821 564 ‚.
836 475 927 572 quod
952 455 1107 585 iliesssane
1129 503 1215 555 nun·

283 585 286 592 '
315 621 316 624 =
377 570 524 648 ‘rediret
537 567 754 662 ,mininam
780 573 1085 670 Comparationem
1109 581 1241 654 vehes¹

269 691 408 748 menter
431 668 672 768 adprobasset„
705 669 744 745 ἃ
765 695 816 745 ex·
832 695 875 745 ea
891 675 944 747 ad
968 673 1129 750 studiosos
1147 679 1214 752 ser-

268 772 399 846 monis·
413 769 540 844 Gallici
569 769 703 864 ignaros
732 779 893 864 magnam
925 772 1106 848 utilitatem
1136 801 1215 872 per-

267 885 480 944 venturam'
508 867 584 962 Jam
607 890 693 940 vero
714 869 801 941 nulla
831 874 1044 966 comparatio
1063 875 1213 948 ‚duorum

267 967 466 1066 scriptorum
491 961 604 1062 potest
630 963 782 1055 institui,
822 969 882 1041 nist
908 965 1017 1041 alter*
1031 973 1211 1066 laudetur,

267 1067 353 1142 alter
380 1066 604 1162 vituperetur.
663 1065 780 1140 Nemo
811 1067 1025 1163 vituperatur
1051 1073 1161 1168 jure,
1192 1097 1213 1146 a

290 1187 337 1240 uo
355 1157 438 1260 nihil
460 1159 512 1238 est
535 1161 754 1260 profertum,
783 1166 874 1262 quod
890 1169 960 1240 noti
983 1167 1021 1239 srt
1038 1171 1215 1268 egregium

267 1189 440 1364 &quavis
458 1261 557 1335 laude
574 1261 727 1362 dignum.
776 1266 824 1335 At
842 1265 898 1337 vel
921 1265 1074 1364 ¹cogitare
1090 1269 1213 1366 aliquid

269 1361 338 1438 ell'e
361 1387 383 1437 a
405 1383 575 1458 quoquam
599 1377 758 1434 veterum
779 1361 998 1462 profestum,
1033 1369 1124 1462 quod
1142 1391 1213 1440 non

267 1459 319 1538 est
332 1461 492 1538 omnibus
509 1458 659 1531 numeris
676 1460 883 1552 absolutum,
911 1481 1121 1558 peccatum,
1140 1467 1213 1537 sce-

265 1561 317 1634 lot
345 1558 386 1634 ἀ
411 1558 540 1657 grande
571 1555 667 1630 nefas
690 1558 827 1632 videtur
857 1561 1065 1636 Burmanno.
1116 1563 1213 1654 Quid

265 1658 369 1757 igitur
385 1656 512 1754 putatis
526 1653 650 1728 misero
670 1651 723 1730 isti
741 1655 903 1731 famelico
918 1660 1052 1751 Tollio,
1079 1661 1136 1757 qui
1154 1668 1214 1734 bo-

265 1781 319 1834 nae
340 1754 467 1830 mentis
488 1758 617 1829 bonam
634 1755 770 1851 copiam
786 1777 958 1852 nunquam
977 1759 1083 1831 voluit
1104 1761 1214 1855 ejura-

208 1873 211 1880 '
265 1856 363 1930 rein
386 1855 555 1951 honorem
588 1869 745 1926 veterum
775 1852 915 1930 salium.
968 1857 990 1930 6
1021 1855 1211 1931 Hominem

266 1955 426 2029 miserum
444 1952 602 2049 &plane
624 1952 822 2046 perditum!
850 1953 940 2028 Nam
963 1955 997 2027 in
1021 1953 1117 2028 initio
1140 1959 1210 2056 qui-

266 2053 349 2128 dem
365 2053 599 2140 Burmannus,
625 2050 744 2123 callide
771 2049 810 2124 ἃ
830 2053 1042 2145 prudenter,
1070 2056 1213 2150 promit-

266 2153 329 2244 tit,
348 2150 383 2224 se
401 2152 480 2224 alias
498 2149 769 2224 examinaturum
787 2149 979 2247 diligentius
990 2171 1098 2224 totam
1113 2149 1213 2227 istam

265 2249 456 2324 Tullianam
473 2247 778 2343 Comparationem
797 2277 808 2341 3
834 2248 970 2342 (faciet
992 2307 1003 2339 ,
1030 2251 1055 2324 fi
1073 2250 1124 2323 vir
1146 2250 1212 2348 est)

266 2367 403 2424 atvero
418 2345 479 2420 fibi
509 2361 703 2442 temperare
726 2346 875 2444 nequit,
910 2349 991 2446 quin
1020 2351 1137 2444 paffim
1161 2352 1213 2422 in-

266 2446 565 2524 terea-acriter'in
597 2445 830 2519 temeritatem
854 2447 956 2519 Tollii
972 2482 991 2537 ‚·
1012 2470 1213 2542 preponen-

266 2547 310 2620 tis
346 2545 528 2644 Virgilium
562 2541 779 2638 Petroniano'
805 2543 977 2640 Eumolpo
1008 2546 1212 2642 invehatur,

266 2643 476 2739 triumphum
493 2665 597 2740 agens
611 2642 722 2716 invita
739 2642 923 2735 Minerva,
948 2639 1211 2739 &impotentia

178 2811 181 2822 ,
267 2741 462 2837 plusquam
478 2741 634 2816 muliebri
652 2739 810 2814 insultans
832 2743 1007 2816 memoriae
1035 2744 1211 2818 Tollianae.

268 2835 398 2936 Justam
408 2861 495 2910 vero
511 2836 646 2911 causam
665 2839 971 2915 fuiffeBurmanno
992 2863 1060 2915 non
1079 2843 1212 2928 dubita-

267 2940 339 3032 bit,
358 2935 503 3038 quitquis
521 2936 757 3013 absurda'haec
772 2943 880 3014 verba
901 2941 921 3012 ἐ
943 2943 1229 3036 Οοιηραταῑίοηε

267 3035 495 3114 Tullii-sumta
512 3035 657 3134 legerit:
683 3093 707 3130 „
725 3039 829 3112 Soleo
852 3061 1113 3136 nonnunquam,
1131 3053 1211 3113 cum
1257 3083 1274 3124 ,·

267 3192 293 3234 ,,
316 3135 483 3211 liberalius
499 3136 608 3208 otium
625 3132 695 3226 est,
722 3137 1067 3234 optimosutriusque
1092 3139 1213 3238 lingue

268 3291 293 3328 ,‚
317 3233 497 3330 scriptores
519 3234 610 3308 inter
635 3233 671 3308 se
696 3258 920 3330 comparare,
946 3257 983 3309 ut
1009 3259 1128 3310 eorum
1144 3239 1212 3312 vir·

268 3388 294 3426 „
319 3333 446 3408 tutibus
461 3333 620 3431 vitiisque
641 3335 815 3428 pensitatis
831 3333 998 3431 judicium
1017 3340 1140 3410 meum·
1154 3359 1215 3412 ex-

269 3463 294 3524 „
317 3451 455 3508 erceam
470 3449 679 3531 aeuumque,
693 3431 743 3508 ἃ·
764 3432 905 3510 honesta
926 3429 1214 3532 simul'voluptate

1099 3589 1124 3628 ,‚
1148 3533 1215 3607 stu-
