2864 4334
806 357 1264 384 m

682 420 856 514 ⁶(132)

305 540 400 618 dium
424 540 515 640 typis
542 537 818 639 descripserunt,
857 565 939 616 uare
965 561 1038 616 tam
1065 543 1126 619 diu
1142 533 1249 640 opere

303 640 481 730 cessarint,
506 641 619 712 donec
636 640 681 714 illi
692 675 696 689 ⁴
707 567 876 738 promrliae
894 641 1049 716 mercedi
1068 642 1167 716 Ballii
1185 643 1249 716 Di-

302 740 507 812 iiionarium
532 735 702 812 Criticum
727 739 928 836 adjecerint.
984 739 1116 814 Dicant
1141 741 1247 814 etiam

261 871 263 878 ·
303 835 517 935 Hagienses‚
543 859 628 932 quos
643 835 698 910 ille
717 839 812 911 oanni
829 863 898 934 ope
914 861 1005 912 nunc
1029 835 1249 934 perdere‘co

302 955 414 1010 natur.
464 936 595 1025 immo,
625 958 670 1008 ne
693 935 818 1010 diutius
841 935 894 1011 isli
919 937 971 1009 rei
1001 935 1168 1010 inhaerere
1191 961 1248 1010 ne·
1351 969 1365 990 κ

304 1031 395 1108 ceffe
411 1034 468 1124 fit,
493 1032 585 1108 dicat
602 1033 674 1130 ipse
693 1035 746 1108 vir
763 1033 978 1126 clariffimus,
1003 1059 1109 1133 quare
1125 1039 1180 1134 jus
1201 1059 1248 1108 aa·

299 1136 441 1229 piemm,
473 1133 565 1229 quod
593 1131 683 1206 inter
706 1132 905 1229 bibliopolas
929 1129 997 1222 est,
1021 1135 1141 1206 tollere
1157 1131 1196 1207 &
1213 1155 1248 1204 a·

307 1231 421 1306 bolere
441 1249 604 1320 conetur,
628 1229 703 1304 ssiu
724 1254 793 1304 non
813 1250 910 1328 agat,
934 1254 1002 1327 qua
1023 1233 1156 1314 ratione
1177 1233 1249 1327 jam

305 1350 387 1406 ante
410 1354 430 1402 a
455 1328 490 1400 se
515 1328 673 1402 venditas
699 1349 797 1402 notas
824 1331 940 1400 denuo
965 1331 1066 1426 possrt
1090 1331 1254 1403 vendere.

268 1469 270 1476 ι
306 1430 441 1504 Verum
459 1427 533 1501 haec
556 1425 720 1502 suntsatis
739 1429 773 1500 in
792 1425 977 1522 specimen.
1026 1424 1251 1501 Ostendimus

306 1526 385 1600 sane
418 1523 556 1620 quinam
588 1524 652 1598 sint
670 1523 846 1623 poerustri,
897 1526 956 1620 qui
976 1523 1252 1622 'Typogmplrmum

307 1627 515 1716 mercenarii,
547 1621 585 1696 ἃ
621 1625 929 1698 demonstravimus
955 1625 1148 1720 exemplis,
1182 1645 1253 1696 non

260 1745 262 1758 ¹
308 1725 447 1810 omnes,
468 1719 576 1818 quiin
592 1740 933 1820 metrum'peccant,
957 1720 1162 1818 puerulum,
1185 1743 1255 1793 nec

308 1821 488 1918 scriptores
514 1843 664 1908 omnes,
696 1823 761 1918 qui
777 1823 963 1916 pecuniam·
991 1843 1010 1892 a
1035 1819 1257 1920 typographis

228 1941 232 1950 ·
309 1920 510 2014 accipiunt,
541 1923 743 1992 mercenarios
765 1917 833 1991 esse
857 1916 1060 2009 vocandos,
1099 1919 1161 1992 nist
1180 1917 1256 2014 quis

292 2019 421 2116 ipsum
456 2018 694 2092 Burmannuur
716 2017 909 2116 poetastrum
938 2015 977 2094 &
999 2020 1258 2115 typographorum

309 2119 529 2190 mercenarium
557 2113 659 2206 velit,
687 2115 780 2211 quod
797 2115 941 2200 minime
969 2115 1068 2203 licet,
1092 2115 1256 2213 quoniam

309 2217 435 2289 dicitur
457 2215 681 2308 turpiffimum
709 2211 778 2287 elle
801 2213 962 2304 doiiori,
990 2228 1072 2287 cum
1090 2215 1187 2311 culpa
1202 2235 1259 2285 re-

308 2312 582 2409 darguitiplum.
1015 2361 1019 2368 ·
1403 2371 1404 2394 ,

365 2411 445 2506 Peg.
463 2434 547 2504 452.
582 2411 630 2482 Ur
652 2411 782 2483 dicimur
810 2435 932 2506 munus!
955 2404 998 2492 Θ
1022 2427 1146 2506 pugnus
1169 2431 1276 2482 exer-1
1403 2403 1404 2469 l

266 2541 270 2546 ¹
297 2533 371 2607 aere
394 2512 427 2580 iu
444 2511 595 2603 aliquem,
618 2511 665 2580 ita
687 2511 741 2580 ille
756 2506 826 2583 cicc.
879 2508 938 2582 Dii
964 2505 1111 2580 vestram
1128 2505 1256 2581 fidem!

307 2610 438 2704 Pugnat
462 2631 601 2680 exercere
635 2610 669 2677 iu
703 2609 834 2702 aliquem
877 2605 1015 2680 forsitan
1047 2613 1128 2678 ante
1161 2601 1257 2676 liunc

308 2707 402 2778 diem
427 2705 513 2778 dixit
530 2728 656 2792 nemo,
674 2702 712 2778 ὅ(
727 2727 842 2780 tamen
858 2706 1074 2782 Burmannus
1090 2701 1181 2776 nullo
1203 2721 1255 2774 te-

306 2800 378 2891 ste,
405 2804 495 2874 nullo
512 2803 650 2874 auilore
668 2801 817 2902 idoneo,
845 2804 894 2876 ita
910 2802 1017 2875 solete
1031 2801 1101 2876 dici
1119 2799 1256 2898 ignaros

308 2903 424 2980 docet.
473 2899 573 2973 Servi
604 2898 750 2975 Plautini
776 2916 1099 3006 pugnat-exercent,
1123 2922 1144 2972 a
1170 2899 1256 2972 Bur-

306 3023 435 3074 manno
453 2997 547 3071 dosii
565 3017 700 3094 pugnas.
747 3053 752 3062 .
1104 3013 1108 3020 ·
1190 3035 1199 3056 ·-

360 3097 409 3173 Pa
435 3119 542 3192 .453.
566 3096 690 3170 Narrat
715 3097 927 3194 Encolpius,
952 3095 986 3170 se
1004 3095 1041 3171 in
1066 3095 1152 3170 cella
1173 3117 1218 3191 qu

306 3197 387 3271 dam
402 3123 582 3292 ffispendio
604 3195 712 3270 vitam
727 3193 1003 3292 finirevoluilse,
1031 3215 1066 3268 et
1080 3194 1275 3268 interven-³

306 3314 346 3368 tu
363 3294 524 3390 Eumolpi
549 3289 588 3368 &
603 3289 744 3368 Gitonis
762 3294 931 3392 perficere
956 3293 1051 3406 quod
1064 3294 1256 3366 conabatur

306 3415 375 3466 non
391 3391 546 3486 potuisse.
575 3389 627 3465 lbi
651 3393 765 3467 multis
777 3392 916 3492 inquirit
937 3415 991 3466 mr
1006 3392 1170 3466 celeberr.
1188 3413 1255 3486 qua

293 3491 456 3585 *ratione,
481 3487 646 3591 quibusve
664 3492 797 3588 modis,
823 3515 898 3568 rem
918 3489 1106 3568 tentaverit
1124 3487 1254 3600 Encas·

292 3623 296 3649 ²
1156 3609 1254 3686 P¹⁰⁸r

277 3723 1275 3760 ...ΝΜ
