2864 4334
186 278 1181 312 mm

191 493 333 576 gentem
358 473 533 574 fragorem
551 351 724 550 &(de7ldd
755 473 1056 550 tonitruedcbant
1078 475 1143 586 ipfi

192 595 347 666 montes,
373 574 429 646 seu
445 576 619 648 montium
637 578 745 670 iuga,
764 595 843 670 quae
869 572 920 646 stc
934 575 1140 673 rumpeban-

192 694 261 747 tur.
277 673 417 746 Mirum
441 673 582 771 quidem
600 673 738 746 videtur
757 671 825 769 ipsa
840 673 1016 748 montium
1035 697 1138 746 cacu-

193 775 288 846 mina
303 772 374 844 dici
396 792 499 865 rupta
520 769 700 864 decidiss'e‚
723 793 844 843 verum
868 771 957 844 inter
982 769 1141 872 prodigia

193 870 228 943 id
253 895 271 940 a
299 871 407 968 poeta
433 889 655 961 numeratur,
684 867 778 968 quod
804 866 998 962 inspicienti
1020 870 1140 942 iocum

192 965 295 1041 facile
320 987 475 1066 pateret,
499 967 562 1041 nisi
578 966 727 1040 obstaret
743 964 958 1040 eruditiffimi
974 969 1141 1042 Burman·

199 1068 234 1138 ni
264 1065 486 1158 observatio,
528 1065 634 1164 longe
658 1065 725 1138 aiio
751 1063 981 1139 studiosarum
1006 1088 1141 1140 mentes

198 1161 413 1236 abducentis.
470 1215 498 1256 ,‚
526 1165 671 1238 Habent
699 1165 843 1262 (inquit)
872 1187 993 1236 omnes
1017 1164 1141 1241 editio·

189 1314 223 1355 .„
245 1285 305 1334 nes
328 1262 365 1334 &
389 1260 628 1362 Tragurienfis
649 1265 746 1356 taffis.
795 1263 887 1356 Laffi
902 1283 1016 1335 autem
1043 1287 1144 1334 mon·

123 1371 129 1384 '
200 1413 228 1453 ‚‚
252 1378 303 1432 tes
326 1361 468 1457 poetice
485 1363 650 1434 dicuntur
667 1359 688 1433 ὲ
707 1359 935 1458 frequenti&
954 1362 1058 1434 toties
1081 1363 1146 1433 ite·

201 1508 228 1551 ‚,
252 1480 327 1532 rato
338 1459 399 1534 ilio
413 1457 552 1552 sonitu,
567 1483 672 1559 quem
685 1459 834 1532 edebant
849 1463 885 1531 ”.
900 1457 1047 1532 Etiamsi
1066 1459 1154 1532 haecx

201 1554 392 1631 observatio
424 1555 581 1652 videatur
609 1558 957 1655 imperitis⁴alienaa
989 1557 1145 1632 Petronii

202 1675 339 1748 mente,
366 1659 482 1728 tamen
503 1652 538 1728 id
555 1654 659 1728 habet
678 1655 878 1748 commodi,
901 1656 997 1754 quod
1020 1657 1147 1730 doceat

201 1757 393 1846 acutiores,
428 1774 556 1847 quanta
589 1751 675 1826 fides
701 1752 813 1826 verbis
841 1753 1031 1828 Burmanni
1054 1753 1148 1828 infit.

201 1851 384 1922 Editiones
402 1848 534 1923 scilicet
544 1872 676 1923 veteres
691 1852 818 1926 habent
836 1855 948 1946 lapfis,
964 1873 1037 1924 non
1047 1855 1147 1947 laffis,

204 1945 406 2019 Coloniensi
423 1947 515 2020 forte
529 1969 677 2046 excepta
687 1979 700 2036 3
728 1946 783 2022 sed
800 1950 835 2020 id
853 1950 902 2021 ita
930 1947 1034 2022 finxit
1058 1951 1144 2024 Bur·

203 2067 368 2138 mannus,
391 2065 431 2118 ut
455 2065 554 2119 tanto
583 2048 707 2144 mabri
731 2069 815 2124 curn
842 2046 1037 2132 eruditione
1056 2051 1147 2146 laffar

203 2159 320 2219 montes
342 2145 545 2242 explicaret.

250 2243 336 2340 Pag.
353 2262 438 2340 577.
447 2250 622 2317 Armorum
633 2245 884 2341 strepitucoelum
893 2245 995 2337 furit.
1017 2244 1147 2320 Emen-

202 2341 261 2414 dat
274 2345 327 2416 vir
346 2341 544 2437 περιβέητω·
559 2349 734 2420 Armorum
749 2349 868 2438 crepitu
877 2344 1150 2437 Broukhufium‚

203 2439 343 2514 delicias
364 2438 455 2534 suas,
470 2442 619 2515 secutus.
645 2445 693 2514 At
717 2465 820 2539 quare
834 2442 1016 2514 emendat?
1041 2444 1148 2517 Men·

203 2541 287 2612 dum
304 2539 439 2614 nulium
458 2539 519 2613 est.
556 2547 730 2614 Armorum
744 2540 894 2634 strepitus
909 2535 1000 2612 sensu
1015 2539 1149 2616 diverso
1203 2560 1209 2575 ·

206 2640 409 2716 nonminus
426 2635 516 2710 rebie
541 2639 671 2714 dicitur
695 2661 798 2734 quarn
824 2661 984 2716 armorum
1006 2644 1150 2734 crepitus.

208 2735 325 2808 Immo
346 2734 583 2810 Broukhufius
601 2733 697 2832 ipse,
720 2734 803 2807 dum
827 2736 869 2808 ad
896 2736 1098 2830 Tiberin,
1115 2761 1151 2827 ν,

204 2855 265 2931 73.
290 2831 360 2905 hoc
377 2832 459 2905 loco
476 2842 650 2910 Armorum
665 2832 876 2928 crepieu'vult
892 2833 985 2931 legi,
1013 2835 1149 2908 eCice·

209 2952 294 3004 rone
311 2952 427 3005 tamen
445 2933 541 3027 ipso,
558 2933 614 3005 De
639 2932 789 3029 Harusp.
811 2929 918 3028 Resp.
937 2953 1043 3008 ero.
1069 2956 1149 3031 pro·

134 3100 138 3122 ,
208 3031 296 3104 fert:
325 3031 510 3104 Exauditus
525 3036 560 3103 r'rr
573 3055 648 3127 agro
665 3037 837 3128 propinquo
858 3031 900 3113 &
916 3031 1092 3121 suburbano
1110 3033 1151 3125 ιβ

201 3131 353 3223 strepitus
377 3132 507 3224 quidam
536 3125 708 3204 reconditus
738 3131 780 3212 ὅ
814 3131 976 3204 horribilis
998 3129 1153 3222 fremitus

207 3249 380 3301 armorum.
402 3227 504 3319 Nos,
527 3226 719 3324 quesumus
734 3227 976 3324 fimplicitate,
993 3248 1153 3322 putamus

208 3325 354 3398 aiterum
379 3326 487 3398 altero
514 3325 635 3398 melius
656 3349 728 3398 non
749 3325 833 3415 effe,
855 3322 910 3396 sed
935 3346 1001 3421 pru
1027 3326 1156 3400 diversa

210 3419 490 3522 fignificatione,
513 3421 721 3498 alterutrum
736 3423 827 3498 redbe
839 3421 1007 3498 adhiberi.
1023 3424 1154 3512 Nihilo

340 3537 342 3544 ’
1043 3543 1157 3600 tamen
