2864 4334
729 376 862 472 (¹72)

316 505 436 580 Itan'ren
461 503 584 577 minus¹
598 499 815 576 Burmannus
828 502 951 576 ,denuo
973 503 1103 604 cupide
1128 510 1273 608 arripuit

315 601 542 682 ‹occtfionem
556 599 787 674 maledicendi
809 599 976 695 Clerico,
1003 601 1094 678 hosti
1116 605 1187 679 non
1210 634 1270 706 un·

318 703 522 792 niversario',
550 698 606 774 sud
629 720 820 798 perpetuo,
852 698 932 773 ruso
962 704 1098 799 ingenti
1129 705 1270 780 Brouk-

282 815 286 828 '‘
319 797 420 874 hufio
436 799 604 898 obloqui,
631 797 668 870 &
686 801 724 870 in
737 821 818 870 turn
836 798 924 872 dicit
943 823 1024 897 quae
1039 803 1075 873 in
1094 799 1216 876 stultos
1232 807 1269 880 &

318 898 463 973 blt'nnos
480 897 610 991 solent,
639 896 677 969 &
691 893 773 996 'quae
798 890 870 970 lruc
892 895 1131 984 transscribere
1146 904 1270 998 piget,
1285 938 1288 956 =

317 996 402 1074 licet
416 998 515 1072 illurn
532 1018 596 1068 nec
615 997 755 1094 pigeat,
778 1017 844 1068 nec
860 995 988 1092 pudeat
1006 996 1167 1071 miserum
1185 1003 1267 1074 Cle·

318 1097 431 1172 ticum
454 1095 525 1170 fine
540 1093 613 1168 fine
629 1093 785 1191 'persequi
811 1092 850 1166 δε
869 1096 1056 1190 exagitare.
1105 1101 1188 1170 Nec
1214 1103 1264 1196 pi·

317 1217 400 1294 get,
426 1194 596 1288 dicimus,
626 1215 691 1264 nec
713 1192 833 1290 pudet.
883 1192 984 1266 Nam
998 1191 1116 1266 eadem
1139 1201 1266 1294 pagina

314 1297 432 1368 dtnuo
461 1293 585 1367 acerbe
607 1292 710 1364 nimis
731 1294 768 1364 in
793 1288 974 1364 Clericum
993 1289 1265 1389 debacchatur,

313 1392 384 1467 acsr
399 1391 597 1467 euminfrt
617 1411 738 1462 omnes
760 1389 919 1462 homines
945 1387 1087 1463 infimos
1113 1411 1263 1488 putaret.
1317 1401 1345 1425 '⁸

313 1491 449 1586 Turpis
461 1495 588 1564 tarnen'
597 1486 793 1561 'habebitur
808 1485 983 1575 causa‚ob
999 1512 1102 1586 quam
1117 1489 1166 1578 ini
1183 1492 1265 1566 Cle-
1333 1479 1337 1486 ’

315 1591 430 1663 ricum
447 1591 626 1686 exagitat,
652 1597 757 1658 hona
782 1585 1046 1660 Burmannirnae
1061 1589 1264 1665 eruditionis

314 1685 468 1780 sutelis,
483 1685 538 1760 sed
554 1685 597 1760 ab
612 1687 686 1760 aliis
697 1685 874 1758 literatum
894 1681 1050 1758 studiosus
1065 1685 1262 1784 quibusvis,

315 1789 498 1862 veritatem
518 1785 641 1859 vesano
665 1783 775 1857 furori
798 1783 1027 1857 maledicendi
1058 1793 1263 1882 praeponelt·

309 1885 418 1965 tibus.
468 1883 705 1983 cognoscite,
721 1883 938 1981 quaesumus,
956 1879 1104 1954 causam.
1132 1885 1265 1958 Auliou

135 1975 143 1991 ’
274 2015 277 2020 ·
309 1985 466 2059 incertus
481 1982 740 2058 Consolationis
760 1982 802 2054 ad
828 1979 965 2053 Liviam
990 1977 1096 2078 fingit
1121 2005 1197 2056 tarn
1224 1983 1278 2058 in-

306 2104 431 2158 unortt
442 2081 549 2158 Drust
565 2079 907 2183 querenttmstquod
928 2075 995 2150 filii
1010 2098 1145 2164 tantum
1161 2082 1261 2155 cada·

272 2261 276 2270 ,
311 2207 372 2258 ver
388 2186 492 2258 matri
509 2182 646 2257 licuerit
662 2175 848 2277 ampleffi,
870 2199 980 2275 neque
998 2176 1034 2249 id
1054 2177 1134 2270 diu,
1150 2203 1260 2278 quum

305 2281 455 2360 cadaver
484 2279 596 2382 ipsum
621 2283 718 2375 'rogo
742 2276 824 2350 effet
851 2275 948 2350 brevi
972 2275 1259 2353 comburendum.

303 2379 422 2456 Versu
435 2403 449 2454 1
460 2402 514 2480 34.
522 2377 659 2479 questus
666 2379 741 2452 suos
751 2377 852 2452 Livia
860 2372 995 2473 profert
1011 2375 1106 2450 hisce
1124 2379 1255 2453 verbis:

304 2515 307 2521 '
836 2533 840 2542 ·
1186 2511 1191 2548 t

242 2591 246 2604 '
303 2605 307 2630 ³
357 2587 425 2662 luc
434 2588 566 2679 pietatis
580 2582 698 2658 honos!
719 2596 811 2654 artus
827 2581 995 2675 ampiriitr
1010 2583 1117 2653 inanes
1124 2609 1138 2665 ς
1244 2600 1248 2629 ·=

301 2725 306 2738 ·
337 2707 343 2718 ·
363 2681 366 2686 ’
392 2687 444 2760 Er
460 2699 555 2758 uocat
571 2684 627 2756 hos
640 2681 864 2777 ipsosjiarnma
878 2677 1125 2776 rogasquesttus.

304 2856 366 2943 Itu
375 2857 613 2932 exhibuerunt
637 2855 860 2930 Bersurannus
878 2855 916 2930 in
940 2853 1113 2951 postrema
1127 2807 1255 2926 tuitio-

296 2952 367 3046 ¹tlte,
391 2959 516 3054 aliique
534 2975 614 3032 ante
627 2978 732 3043 tumr
751 2953 789 3028 &
805 2977 845 3026 ea
866 2954 1003 3029 videtur
1020 2957 1102 3034 utra
1125 2950 1253 3044 lectio,

299 3055 338 3128 ‘in
354 3081 422 3156 qun
438 3055 527 3130 nihil
550 3052 775 3130 difficultatis-
792 3053 900 3144 inest,
934 3077 999 3127 nte
1019 3052 1249 3128 tenebrarum.

297 3154 447 3250 Postea,
473 3177 608 3248 errore,
641 3167 684 3228 ut
704 3151 866 3228 statueret
886 3153 992 3242 licut,
1015 3152 1245 3250 typographi·
1301 3207 1304 3216 r
1411 3121 1412 3160 ³

300 3277 367 3345 co,
396 3255 735 3351 turpisculum,
765 3275 838 3350 quo
859 3250 940 3326 loco
964 3267 1044 3327 ante·
1069 3249 1249 3346 legebatur

293 3369 404 3433 ,vocan
431 3354 481 3428 Et
502 3353 551 3428 fio
568 3350 903 3428 sententiavimricari
919 3347 958 3422 &
980 3347 1153 3422 obscurari
1169 3371 1245 3420 coe·

291 3454 376 3548 pit,
398 3456 461 3528 cui
477 3475 518 3528 ut
529 3455 645 3528 luetur
658 3453 909 3528 soemrurtntur
925 3445 1086 3523 Heinsrus
1102 3447 1139 3520 ὃ(
1153 3445 1243 3542 Bur-

293 3587 296 3596 “
363 3583 368 3591 “
1100 3565 1244 3617 mannus
1287 3580 1292 3590 ·
