2864 4334
694 375 836 468 (1⁶2)

290 488 382 566 suam
404 497 589 568 exercuere
610 491 820 570 industriam.
859 495 1233 578 1Ediri0nesuurmrn-

236 601 247 613 '
291 591 389 715 uiana
407 592 537 689 priores
550 590 694 686 legunt:
804 662 806 670 ,

203 861 205 866 .
340 791 473 885 Affyrio
486 791 632 866 concham
649 794 805 868 laudabat
821 796 910 870 miles
924 799 959 870 in
974 796 1071 870 unda.
1180 810 1182 813 ’

322 939 339 976 '3
985 945 1002 983 Ι
1180 967 1191 992 s

292 989 399 1066 Sensu
427 991 539 1070 finon
556 993 768 1087 commodo,
792 1013 827 1066 ar
845 992 961 1070 saltem
976 997 1105 1094 aliquo.
1129 997 1240 1094 Quod
1259 1079 1262 1084 ,

291 1089 318 1164 sr
336 1091 419 1166 huic
435 1091 518 1167 loco
533 1092 724 1166 adscribere
740 1093 904 1166 vellemus
920 1095 1135 1191 conjeuuras
1153 1098 1238 1172 alio-

292 1213 393 1282 rum,
415 1193 528 1265 nullus
553 1189 632 1264 finis
652 1189 731 1263 eliet
750 1190 895 1264 futurus.
945 1192 995 1264 At
1011 1219 1116 1283 vero,
1143 1193 1237 1266 fivi-

249 1339 252 1350 ·
292 1287 374 1362 dere
388 1291 503 1382 voles»,
521 1289 621 1380 vide,
638 1309 677 1362 ut
700 1288 875 1364 Erhardus
895 1289 964 1362 hoc
982 1291 1064 1376 loco
1082 1292 1239 1366 Wouw·

293 1388 356 1461 erii
386 1389 508 1461 scrinia
535 1387 770 1481 compilarit;
815 1407 865 1460 at.
886 1387 964 1460 vide
993 1390 1030 1461 id
1062 1391 1109 1462 irrv
1130 1390 1242 1488 aliqua

291 1484 585 1572 editionevereri.
638 1486 794 1556 Namirr
819 1485 973 1558 editione
993 1489 1244 1564 Burmanniana

245 1635 248 1640 ,
293 1607 366 1658 non
389 1602 567 1683 comparet
591 1579 794 1656 Wouwerii
820 1603 928 1674 nora,
954 1608 997 1656 ne
1021 1585 1078 1658 illa
1095 1584 1243 1658 Erhardi

234 1752 236 1756 ,
295 1680 431 1756 scilicet
447 1680 635 1756 luminibus
651 1677 822 1753 officeret
856 1713 857 1716 ¹
873 1682 995 1779 Digna
1012 1703 1127 1757 tomen
1150 1701 1243 1776 erat,

294 1803 374 1880 quae
389 1778 588 1883 addemur,
612 1780 738 1865 partim
758 1781 839 1876 quia
863 1775 1078 1854 Burmannus
1095 1784 1249 1880 integras

296 1879 553 1953 observationes
576 1873 776 1950 Wouwerii
797 1878 998 1974 pollicitus,
1016 1880 1166 1978 integras
1185 1880 1242 1950 da·

297 1999 334 2050 re
354 1975 521 2050 debuerat
528 2012 542 2071 3
568 1978 693 2074 partim
720 1993 762 2047 ut
780 1975 857 2051 suus
883 1979 1016 2072 parenti
1031 2001 1114 2050 vero
1137 1978 1246 2052 foetus

297 2075 511 2149 redderetur·
557 2074 656 2173 Qrid
685 2081 765 2146 vero
789 2073 954 2172 prohibet
971 2097 1036 2146 nos
1057 2074 1247 2150 adscribere

242 2182 250 2202 ‘¹
297 2176 469 2272 integram
482 2172 685 2248 Wouwerii
701 2191 820 2245 notam
837 2195 884 2245 err
902 2173 1055 2246 editione
1064 2173 1245 2252 Amstelaez

297 2269 451 2346 damensr
465 2273 544 2346 anni
561 2269 829 2344 MDCXXVI.
851 2293 930 2368 pag.
954 2291 1035 2367 237.
1068 2271 1112 2346 ὅτ
1129 2270 1245 2348 Gene-

232 2408 235 2414 ·
300 2367 395 2462 vensi
410 2369 868 2467 TheodorideJuger‚anni
883 2369 1151 2449 MDCXXlX.
1165 2395 1247 2468 pag.-

303 2490 384 2566 323.
409 2485 450 2543 ut
479 2487 578 2542 tanto
602 2467 734 2540 facilius
757 2467 878 2540 harum
897 2466 1071 2540 literarum
1098 2489 1250 2554 amantes

282 2563 429 2666 'poffiirr
458 2567 608 2661 judicare
630 2565 672 2638 de
693 2567 857 2662 aequitate
877 2565 1064 2640 Burmanni
1092 2565 1252 2641 Erhardo

301 2661 573 2740 transscribentis
594 2663 691 2760 quod
709 2663 915 2738 Wouwerii'
933 2682 1027 2754 erat,
1049 2659 1088 2738 &
1104 2673 1249 2762 praeter·

299 2787 340 2838 eo
368 2763 528 2860 quaedam
555 2763 773 2854 omittentis,
806 2785 886 2858 quae
910 2759 1093 2835 neceliario
1116 2761 1251 2836 fuerant

300 2858 485 2950 addenda,
520 2856 687 2954 liquidem
712 2861 951 2957 conglutinare
973 2860 1075 2934 facile
1097 2857 1249 2956 superio·

163 2955 166 2966 '
301 2959 397 3034 ribus
415 2981 453 3031 ea
467 2955 636 3030 licuillet?
664 2959 768 3030 Nihil
783 2959 872 3032 saner
885 2957 993 3030 ‘Ecce
1012 2961 1122 3058 igitur
1134 2959 1250 3044 illam:

300 3099 328 3154 „
354 3060 485 3154 Affyrio
504 3056 690 3156 concham]
726 3057 798 3128 Alii
816 3043 1032 3154 AEsoplrreum.
1052 3060 1097 3132 L.
1118 3065 1171 3132 Ac
1184 3057 1253 3153 sese

302 3208 331 3254 ‚,
351 3162 474 3253 pilium
493 3157 582 3228 miles
597 3159 620 3226 l.
638 3159 662 3228 i.
679 3180 713 3238 u,
738 3153 898 3230 Turneb.
916 3155 1106 3233 Palmerius
1133 3173 1251 3232 totum

302 3307 330 3352 „
352 3257 473 3330 locum
488 3253 691 3328 itaemend.

1139 3571 1168 3650 aa
1191 3554 1257 3647 AE5

274 3688 1262 3724 ..nn—*amm
1303 3707 1306 3718 ι
1411 3669 1412 3722 l
