2864 4334
238 247 1249 312 W,

204 341 207 352 “
660 327 812 429 (1¹4)

264 469 414 545 pennem
442 447 549 546 adigit
569 448 605 523 in
628 451 713 526 latus
742 453 845 551 equi,
870 449 1058 548 periculum
1080 447 1212 546 faciens

149 547 158 556 ”
266 570 309 630 an
333 546 431 646 poffit
451 547 552 636 findi,
573 548 634 623 nisi
655 552 708 622 vir
741 571 883 649 magnus
908 547 1096 624 'mouuisset
1127 545 1215 644 post·

266 665 340 720 tum
375 667 437 741 pro
465 662 641 741 pertentare
665 653 758 745 cupit.
1074 711 1078 720 .

274 795 277 803 ,
315 743 398 842 Pag.
417 745 507 819 ead.
569 748 654 844 ergit
692 747 895 844 Eumolpus:
927 747 1047 822 Fremit
1082 747 1215 844 Captiva
1305 756 1309 765 '

264 844 358 938 pubes
382 845 484 934 intus,
518 769 581 935 ijs,
615 847 686 918 dnm
723 861 915 936 murmurat,
947 848 1087 920 Roborea
1126 845 1217 918 moses

260 937 365 1039 spirat
386 943 600 1018 altmanno.
625 942 698 1018 Hic
722 944 935 1020 Burmannus
964 945 1071 1034 dicit,¹
1093 942 1127 1015 se
1154 943 1217 1014 de·

272 1042 384 1119 serere
404 1045 652 1134 patrocinium,
670 1043 708 1115 ἃ
727 1039 891 1140 argutiam
907 1039 1006 1114 istam
1025 1042 1217 1114 adscriben-

273 1137 352 1210 dam
374 1138 503 1234 judicio
528 1139 690 1213 Petronii.
717 1141 836 1231 Quare
859 1161 974 1237 autem
993 1139 1219 1234 patrocinium
1257 1157 1260 1164 '

276 1236 409 1310 deserat
426 1259 495 1309 non
520 1238 613 1311 dicit.
652 1237 724 1311 Nos
746 1241 910 1312 dicemus.
927 1238 1077 1324 Tollius,
1104 1262 1223 1335 quam-

276 1335 328 1409 vis
344 1335 457 1408 toties
490 1337 789 1432 nom‘inibus,quae
816 1336 852 1408 in
875 1334 1010 1410 stultum
1048 1335 1225 1422 dicuntur,

278 1458 298 1506 a
322 1434 520 1506 Burmanno
539 1455 681 1507 vexatus
711 1434 785 1518 hoc¹
804 1437 928 1507 'tamen
961 1435 1039 1506 ioco
1066 1431 1152 1508 visus
1175 1431 1227 1506 est

278 1533 477 1606 Burmanno
504 1530 665 1627 sapuisse,
696 1534 755 1607 ubi
785 1533 928 1606 minime
968 1531 1086 1627 sapuit.
1129 1530 1227 1624 Quid

281 1629 375 1703 enim
397 1627 575 1724 prohibet,
600 1654 667 1727 quo
690 1633 805 1704 minus
828 1631 988 1704 dicamus
1005 1630 1151 1705 Graecos
1174 1629 1227 1702 in-
1312 1663 1315 1668 ·

282 1725 408 1816 clusos,
430 1728 607 1802 audientes
624 1753 749 1826 equum
771 1728 910 1824 bipenni
927 1729 1135 1824 pertentari,
1154 1751 1227 1800 rne-

284 1849 321 1900 tu
343 1824 576 1922 suspiravisse,
591 1849 692 1924 arque
715 1853 838 1926 equum
861 1825 970 1921 ipsum
979 1827 1036 1899 'ita
1057 1823 1229 1899 enaribus
1282 1906 1288 1923 ι

284 1926 390 2001 veluti
409 1922 561 2021 spiritum
579 1927 783 2001 Graecorum
809 1923 1039 2020 suspirantium
1064 1922 1232 2016 emisisse,
1292 1935 1299 1952 ⁸

284 2046 355 2098 noo
377 2020 441 2098 suae
468 2024 546 2098 vitae
576 2045 637 2098 aut
677 2024 800 2098 doloris
825 2021 1009 2111 indicium,
1040 2021 1099 2094 fed
1122 2043 1234 2098 metus

286 2123 512 2198 Graecorum?
536 2123 614 2196 Nec
639 2145 723 2215 opus
749 2121 813 2194 fuit
847 2121 889 2194 ad
922 2144 1000 2194 eam
1025 2143 1099 2215 rem
1124 2121 1236 2192 tubulis

282 2222 580 2317 percommissis
604 2221 814 2310 dedusis,·ut
839 2219 969 2294 'sollius
1001 2203 1143 2292 iiluden‘s
1169 2217 1254 2291 Pe*

287 2317 400 2391 tronio
430 2317 525 2391 dicit.
574 2320 688 2394 Cavus
722 2337 817 2390 certe
848 2313 945 2390 fuisse
982 2317 1100 2389 omnio
1131 2339 1236 2411 equus

288 2416 437 2514 fingitur.
488 2417 577 2506 Quis
598 2416 763 2492 indicavit
778 2415 894 2488 Tollio
920 2434 1022 2510 caput
1040 2439 1061 2486 e
1079 2412 1185 2486 solido
1202 2415 1239 2484 ii-

290 2537 361 2612 gno
390 2512 487 2588 suiffe
518 2512 658 2588 fastum.
694 2517 811 2610 AEque
842 2537 965 2586 cavum
998 2535 1163 2607 ponamus
1194 2506 1239 2582 'ac
1274 2575 1276 2580 .

292 2632 384 2686 totus
411 2635 515 2708 equus
541 2613 689 2702 dicitur,
713 2612 752 2686 &
780 2610 861 2684 nihil
878 2609 1088 2684 difficultatis
1105 2608 1239 2704 supere-

292 2712 347 2786 rit.
374 2709 585 2784 Burmannus
609 2709 710 2808 igitur
733 2708 959 2804 patrocinium
985 2707 1056 2780 hoc
1084 2707 1160 2782 loco
1176 2709 1243 2780 dea

293 2805 417 2897 seruit,
439 2806 518 2902 quia
541 2807 644 2885 Tollii
668 2807 809 2888 censura
836 2807 936 2902 plene
959 2804 1049 2878 haud
1072 2806 1241 2902 procedess

294 2908 365 2983 bat.
612 2951 639 2968 ·›
973 2981 976 2988 .
1141 2933 1144 2945 ·

346 3001 430 3102 Pag.
456 3026 539 3098 441.
566 3007 657 3110 Qpid
678 3006 770 3094 dicis,
798 3005 954 3099 peregrini
985 3006 1099 3076 amoris
1130 2991 1245 3096 sontes·

289 3101 367 3199 fio?
394 3103 512 3176 Verba
536 3103 611 3176 sunt
653 3102 831 3198 Encolpii,
862 3101 1097 3195 'exprobrantis
1121 3097 1246 3172 Gitoni

222 3204 225 3210 '
298 3199 489 3296 perfidiam.
517 3202 628 3276 Locus
661 3201 784 3273 dicitur
810 3221 985 3294 corruptus
1009 3202 1044 3272 in
1067 3219 1248 3288 vocemn-

298 3320 332 3371 ιε
356 3323 405 3388 to,
428 3323 528 3394 quam
553 3301 607 3374 aiii
639 3301 735 3372 aliter
768 3299 893 3389 legent.
927 3297 1138 3385 Burmannus
1172 3289 1249 3388 post

301 3399 444 3474 ultorum
467 3419 605 3480 dunatus
630 3397 730 3495 legit:
755 3395 846 3496 Quid
866 3396 966 3470 dicis?
982 3393 1140 3492 peregrini
1158 3405 1255 3504 nmoss

915 3533 917 3536 -
1208 3512 1253 3560 ns
