2864 4332
639 324 767 424 (25)

227 451 377 543 Leston
403 451 469 524 hoc
493 448 702 548 locoipsum
724 450 802 525 illud
825 437 996 528 vasculum
1024 419 1179 532 aviculae

226 551 337 623 forma
354 547 531 639 efficium,
555 544 616 624 nisr
633 571 772 624 manum
795 552 907 646 potius
929 547 1164 628 abstinendum

224 747 259 820 se
283 749 467 836 artificem,
491 746 547 842 qui
560 745 634 840 pari
654 745 876 842 elegantia&
892 767 967 823 arte
983 747 1165 825 exhiberet

225 844 391 918 aviculam
408 844 604 942 figulinam‚
629 865 669 918 ac
684 845 815 918 nummi
840 843 893 918 isti
916 846 1165 944 organir,'quae

225 945 374 1014 hodiernis
397 966 456 1014 noa
478 937 635 1039 difflmilici
648 937 756 1037 sunt,
788 941 939 1040 insignes
961 941 1165 1022 exhibentur

129 1103 137 1122 ,
222 1042 257 1117 in
273 1039 530 1114 Commentario
547 1038 812 1115 burmanniano.
862 1041 979 1132 Quid,
1005 1043 1095 1138 quod
1116 1068 1162 1119 eo

165 1131 168 1138 ’
224 1160 380 1232 tempore
404 1159 528 1236 organa
548 1133 609 1208 ista
631 1137 761 1234 majora
785 1137 965 1212 videantur
985 1140 1057 1236 jam
1079 1162 1162 1216 nota

222 1234 342 1324 fuiffe,
374 1259 445 1331 quae
469 1257 538 1309 non
554 1232 702 1332 ¹'quidem
734 1235 768 1308 in
791 1233 897 1330 ipsam
923 1258 1062 1311 arenam
1089 1238 1162 1314 illa-

94 729 101 738 ,
181 648 339 744 'postea
357 646 573 737 censuiffem,
589 647 680 743 quod
700 646 915 743 desperarem
931 648 1074 745 reperiri
1089 649 1165 747 pos·
1246 714 1251 730 ,

223 1356 283 1422 tae,
307 1333 365 1407 sed
380 1332 457 1408 alibi
479 1333 523 1407 ad
546 1333 630 1404 latus
650 1330 765 1427 p'osrtae
790 1331 1160 1430 effedariumexcitare
1205 1340 1207 1347 ’

222 1432 391 1512 cantu,ad
412 1453 561 1528 pugnam
588 1451 744 1525 potuere.
800 1429 940 1505 Docere
971 1433 1007 1508 id
1039 1434 1160 1514 volunt

220 1531 341 1604 eruditi
366 1553 410 1602 ex
437 1528 650 1625 Anthologiae
682 1551 758 1625 pag.
783 1554 860 1626 171.
895 1530 961 1606 ubi·
976 1530 1159 1606 exhibetur

218 1628 337 1722 Juliani
355 1627 564 1722 epigramma
585 1631 629 1698 dc
648 1629 797 1723 or'g'ano,
821 1629 912 1723 quod
930 1651 999 1704 non
1021 1630 1158 1704 inflatur

218 1726 332 1819 spiritu
349 1724 438 1810 oris,
463 1722 521 1794 sed
548 1719 704 1813 follibus3
729 1720 767 1796 &
790 1747 835 1796 ex
857 1726 1031 1836 Augustini
1048 1726 1173 1820 Enara

211 1842 282 1932 rat.
302 1821 336 1891 in
352 1817 518 1891 Psalmum
538 1819 648 1891 LVII.
673 1840 748 1914 pag.
765 1829 846 1996 fg).
863 1825 946 1934 edit
961 1823 1059 1898 uani.
1095 1828 1159 1898 Or-

218 1938 366 2012 ganum,
405 1917 482 2010 quod
519 1917 637 2010 grande
660 1915 743 2024 ast,
858 1913 990 2014 inflatur
1011 1918 1157 2031 follibus·

222 2017 357 2107 Quibus
373 2014 406 2087 in
415 2013 496 2086 locis
511 2013 646 2086 noviter
658 2014 789 2084 inventi
804 2017 920 2112 organi
934 2017 1073 2114 majona
1086 2037 1165 2093 non'

130 2113 136 2128 '
219 2115 259 2186 fit
284 2110 432 2200 mentio,
456 2109 514 2184 sed
533 2131 693 2206 tanquam
717 2105 928 2187 instrumenti
945 2113 1069 2189 Musici
1094 2115 1155 2190 du·
1298 2121 1304 2130 '

218 2211 300 2282 dum
325 2200 429 2298 noti,
454 2209 492 2284 ἃ
515 2210 558 2284 ad
581 2209 673 2306 quod
692 2207 782 2280 forte
806 2211 901 2284 Nero
926 2211 996 2287 diei
1018 2231 1153 2309 partem

218 2307 321 2380 trivit.
371 2308 418 2379 At
434 2308 477 2379 illi
492 2305 611 2400 frustra
628 2304 702 2379 sunt
718 2301 867 2382 'docente
893 2309 1153 2386 Commentato-
1176 2387 1177 2390 ,

216 2429 273 2493 re,
299 2405 355 2502 qui
371 2403 452 2476 nihil
466 2404 597 2476 illorum
613 2403 754 2502 ignorat.
996 2473 999 2478 .

227 2559 229 2566 .
265 2501 346 2600 Pag.
368 2511 443 2592 156.
474 2504 517 2576 In
532 2504 639 2576 colum
660 2505 748 2574 abiit.
782 2554 809 2593 „
834 2501 985 2578 Locutio
1005 2502 1061 2577 illa
1084 2501 1155 2578 fre-

216 2655 238 2688 „
263 2603 471 2696 quentiffima
487 2656 497 2689 ,
512 2601 531 2629 ’'
563 2600 671 2696 inquit
695 2601 910 2674 Burmannus
934 2621 956 2690 ,’
973 2652 998 2691 ,,
1021 2601 1153 2678 Latinis

155 2723 159 2738 ·
216 2747 244 2789 ‚‚
267 2699 507 2794 scriptoribus,
531 2701 565 2770 in
582 2701 689 2771 colum
704 2700 811 2789 abiit,
835 2699 916 2773 nihil
940 2698 1034 2777 aliud
1056 2718 1156 2776 notat

208 2849 237 2883 „‚
261 2820 361 2891 quam
392 2796 559 2870 summam
592 2794 790 2870 felicitatem
808 2795 837 2872 ”.
910 2797 1155 2874 Confiteamini

216 2893 263 2964 ibi
287 2912 450 2988 oportet,
473 2887 661 2990 quicunque
686 2893 759 2968 haec
780 2895 920 2993 legitis,
944 2919 1007 2971 vos
1032 2905 1155 2992 parum

217 2989 366 3062 versatos
380 2990 426 3062 =in
451 2990 604 3085 'leffione
630 3009 813 3081 veterum,
837 3015 943 3094 quum
964 2988 1153 3068 sustineatis
1206 3017 1210 3024 ·
1304 3037 1307 3048 ·

217 3111 342 3182 negare
367 3087 575 3162 locutionem
602 3087 693 3161 illam
709 3090 742 3163 in
763 3092 870 3165 calum
891 3094 977 3190 abire
1000 3085 1068 3162 effe
1075 3086 1154 3183 fra.

161 3223 165 3232 ,
204 3183 439 3282 ,quentiffimam
461 3187 589 3258 Latinis
602 3181 835 3282 scriptoribus,
866 3207 1036 3284 quumque
1061 3186 1153 3260 dica-

218 3282 277 3371 tis,
293 3283 358 3377 affe
373 3286 407 3353 in
426 3283 596 3376 colorato
612 3305 811 3374 occurrere,
835 3285 920 3356 abira
938 3285 972 3356 in
985 3287 1094 3359 calum
1109 3284 1154 3358 'ea

217 3380 460 3479 significatione
484 3402 647 3490 nusquam
669 3381 739 3550 iqgi
758 3379 855 3471 ,miii
879 3401 948 3456 uno
971 3379 1040 3458 hoc
1062 3384 1155 3554 lopo·

678 3561 680 3566 .
739 3501 758 3564 5
1076 3517 1079 3524 ’
1120 3505 1153 3552 0·

1225 2951 1230 2962 '
1408 2953 1411 3018 i

1407 3036 1410 3091 i

1402 3487 1404 3609 i
