2864 4334
232 451 273 480 .,
362 471 367 484 ,
477 473 480 478 ,
601 375 757 478 (137)

125 515 128 520 ’
205 515 295 580 votat,
319 497 461 600 institor,
493 495 563 573 &e
597 498 675 574 Nec
700 497 888 574 admodum
911 497 1063 576 referree
1089 523 1154 598 pu-

206 620 317 672 tamus
342 620 454 673 uttum
478 596 526 673 ibi
552 593 720 694 magister·
735 599 831 674 navis
857 600 1096 699 intelligendus
1114 600 1154 676 fit

156 761 157 766 ,
206 695 323 770 servus
347 721 390 772 au
420 699 515 774 liber.
565 699 604 771 id
629 717 742 786 veru,
765 697 859 796 quod
878 697 1045 796 sequitur,
1068 700 1152 793 quo'·

205 799 333 886 modo,
363 815 420 872 aut
452 820 519 894 qua
546 797 679 870 ratione
719 796 860 870 defendi
889 795 1023 896 potest?
1047 797 1155 891 Hujus

137 967 153 988 ,
205 901 287 966 enim
310 919 398 968 amor
426 920 486 967 non
508 895 640 968 dedecori
664 896 775 990 puelle
798 892 855 991 effe
871 894 988 992 iffi>
1010 919 1081 968 cum
1106 895 1156 965 io·

133 965 170 1135 ul
190 997 287 1064 ‘mini
310 991 403 1087 efferar
430 987 563 1121 eqqltes,
587 988 657 1070 ἃς.
683 994 767 1068 Hoc
793 986 860 1068 est:
885 993 1018 1068 mulieri
1040 995 1154 1087 nuptie

206 1092 406 1186 probrosum
429 1115 498 1166 non
528 1089 580 1164 est
607 1094 650 1165 ab
682 1095 837 1166 adultero
859 1093 969 1189 paullo
989 1091 1156 1166 nobiliore

207 1190 397 1286 corrumpi3
421 1211 479 1264 aut
497 1211 640 1280 uxorem
660 1213 762 1290 agere
786 1188 968 1264 usurariam
986 1213 1057 1265 nou
1082 1210 1153 1272 tur·

204 1309 252 1384 pe
285 1285 337 1360 est
366 1288 500 1362 mulieri
532 1289 639 1362 modo
676 1311 757 1364 cum
795 1289 930 1384 paribus
961 1289 1153 1372 volutetur,

205 1407 329 1478 quum,
346 1387 402 1460 vel
427 1385 560 1462 Ovidio
584 1383 691 1478 teste,
715 1395 814 1482 turpis
837 1390 957 1460 adulter
981 1385 1045 1484 ipso
1068 1384 1156 1456 adul-
1197 1389 1202 1398 '

171 1539 172 1542 ,
205 1487 281 1556 terit
301 1487 389 1581 pejor
418 1485 468 1561 srt.
499 1486 575 1560 Vos
593 1488 695 1586 lgiuul
718 1505 861 1583 nup,tae
893 1509 974 1584 quas
1005 1503 1155 1581 qeggare

203 1579 261 1656 ‘uv
360 1583 406 1655 et'
605 1604 691 1658 tae
953 1585 965 1658 i
1002 1582 1155 1660 vedo-

203 1681 1152 1780 termimumuemuttmmumuwr

204 1797 225 1846 c
443 1827 449 1838 ⁸
621 1813 624 1824 .

152 1913 157 1920 ·
252 1871 334 1970 Peg.
352 1899 435 1969 479.
456 1877 575 1952 Docet
600 1901 663 1952 nos
680 1879 736 1954 vit
753 1897 912 1954 veterum
930 1878 1153 1974 philosophie

202 1964 479 2064 studiofiffimus,
516 1982 657 2072 antiquos
686 1981 766 2050 nihil
795 1975 937 2074 miserius
966 1975 1154 2075 exiflt‘muffe

201 2078 359 2164 quentin
386 2095 469 2166 aque
502 2083 627 2170 perire,
660 2081 733 2170 quia
767 2083 907 2148 animum
939 2074 1066 2172 igneam
1097 2099 1152 2146 ex·

191 2163 324 2266 stingui
353 2175 387 2244 in
418 2176 503 2246 muri
534 2174 703 2246 creuerant.
755 2173 847 2248 Nihil
879 2173 957 2248 sune
983 2175 1027 2246 ad
1058 2197 1152 2248 mor-

202 2283 275 2338 tem
303 2268 394 2362 quod
416 2269 574 2362 adtinet3
593 2270 743 2346 miserius
761 2271 913 2346 habitam
938 2271 1036 2346 fuiffe
1061 2273 1152 2368 apud
1267 2348 1272 2359 ,

204 2380 342 2468 veteres
366 2390 470 2463 quam
494 2369 582 2442 mari
605 2369 730 2444 hauriri
756 2368 796 2444 &
810 2371 959 2444 animam
976 2370 1100 2444 mediis
1114 2371 1152 2443 in
1255 2433 1261 2447 ,

201 2459 295 2556 aquis
318 2465 529 2563 relinquere,
556 2487 705 2542 certum.
719 2468 858 2566 quidem
888 2467 958 2558 est,
983 2467 1042 2542 sed
1068 2469 1152 2542 arte·
1280 2531 1283 2538 .
1348 2525 1353 2533 ,

198 2581 274 2632 tum
299 2559 400 2652 iliud,
426 2565 568 2640 causam
593 2565 742 2654 scilicet,
765 2569 844 2662 quod
865 2562 974 2642 'anim
999 2573 1092 2662 ignea
1117 2571 1153 2639 in
1192 2563 1196 2654 j

199 2661 287 2729 mure
319 2659 586 2759 exstingueretur,
620 2665 680 2740 nist
717 2665 932 2740 Burmannus
970 2663 1153 2755 docuiffet,

132 2773 135 2776 ·
198 2752 350 2850 plerique
383 2760 590 2858 ignorarent.
639 2764 827 2860 Strepitum
856 2765 1029 2864 aliquem,
1059 2765 1153 2836 velu-

201 2853 228 2926 ti
249 2851 378 2926 ferrum
402 2858 552 2936 candens
576 2879 633 2936 aut
649 2867 773 2954 carbo,
799 2886 902 2961 quum
928 2864 964 2936 in
986 2887 1074 2962 aqua
1091 2885 1152 2936 ex-

199 2945 407 3048 stinguntur,
440 2980 483 3030 an
506 2960 653 3035 ediderit
684 2961 817 3052 anima,
841 2987 914 3066 quae
943 2961 997 3040 itt
1028 2957 1153 3036 exstin-

199 3071 378 3146 gueretut3
396 3075 466 3128 non
492 3057 623 3133 addidit
647 3059 700 3134 vir
718 3083 807 3133 ratae
831 3058 1017 3149 dostrinae,
1035 3081 1153 3156 quum-

132 3234 133 3237 *
201 3170 304 3259 quam
328 3167 488 3244 putemus
510 3153 546 3228 id
571 3181 666 3254 aeque
689 3176 808 3234 notum
833 3161 878 3234 illi
897 3154 984 3232 eise.
1035 3161 1151 3253 Atque
1187 3205 1188 3210 ,

202 3265 332 3320 utmam
359 3248 429 3322 aliis
448 3249 532 3326 locis
550 3276 620 3329 non
636 3255 724 3330 visus
742 3253 826 3328 effet
841 3284 863 3332 a
876 3253 1044 3330 sententia
1062 3258 1168 3330 adeo·

149 3375 152 3382 ·
202 3341 356 3439 ungulari
380 3347 573 3440 disceffisse,
597 3375 679 3428 nam
705 3357 742 3428 in
773 3354 901 3428 eodem
931 3351 998 3426 hoc
1024 3375 1151 3449 opere,
1273 3385 1280 3404 1

111 3491 115 3502 ·
200 3464 278 3539 pag.
321 3465 402 3542 530.
441 3446 635 3623 observati
691 3453 837 3527 Vetemn
867 3449 1149 3552 superstitionem,
1408 3451 1411 3460 '

664 3573 711 3649 ς.Ὶ
1082 3567 1149 3624 tur·

171 3685 1169 3724 Μ
