2864 4334
650 343 675 442 ¹·(
694 343 804 444 ⁴126)

271 525 299 566 ‚,
326 497 430 574 quum
459 467 583 550 frustra
605 467 706 569 ,sepe
741 469 893 562 versut,
924 471 1051 571 quibui
1064 475 1215 570 plausum

272 626 296 665 ‚,
320 590 554 664 mererentur,
589 592 740 666 pangere
769 569 980 660 tentaffent,
1008 595 1122 669 neque
1154 573 1217 648 illis

271 669 478 762 „adfuisset
495 669 649 766 propicia
671 669 849 758 Minerva,
874 671 1031 743 convitiis
1052 673 1091 744 dt
1108 675 1214 746 male-

272 824 297 859 „
323 768 421 844 dislis
441 763 541 842 'alios‘
561 770 714 866 agitant,
744 765 783 841 ἃ
804 767 873 840 stne
894 767 1018 842 diletiu
1045 771 1154 842 bonos
1177 773 1216 846 dt

272 916 297 956 ‚,
321 867 571 954 mainsendem
589 865 711 942 ordine
727 865 865 941 habeut.
881 868 968 940 aed
987 869 1215 943 mercenarius

271 1011 302 1054 ‚,
326 967 386 1039 has
400 965 712 1064 Typugrapborum
727 987 869 1058 operas,
883 964 940 1060 qui
957 965 1001 1038 ad
1019 967 1216 1062 paginarum

269 1087 500 1156 „numerum
526 1064 650 1160 scripta
672 1061 732 1135 sua
754 1063 936 1149 vendunt,
962 1087 1036 1160 quae
1061 1086 1129 1135 nun
1154 1091 1213 1160 ap-

271 1215 296 1250 „
316 1182 536 1258 peterentur,
561 1160 622 1235 nisi
639 1159 787 1234 summm
802 1183 956 1258 quosque
975 1163 1067 1234 viros
1093 1163 1214 1238 canina

269 1312 293 1350 „
316 1263 413 1336 rabie
436 1262 652 1346 allatrarent,
683 1259 794 1345 alias,
823 1259 932 1332 srdiis
956 1261 1099 1355 placet,
1132 1261 1212 1334 data

268 1411 292 1450 „
316 1383 425 1456 opera
447 1360 483 1432 in
508 1359 666 1438 ordinem
692 1351 889 1452 redigemus
912 1357 942 1431 ''.
986 1359 1075 1432 ¹Duo
1103 1359 1215 1431 homi-

270 1481 356 1533 num
371 1479 500 1555 genera
520 1455 670 1550 accusari
694 1455 838 1528 auditis:
864 1456 1061 1555 poitastrus,
1083 1457 1123 1531 dt
1137 1455 1214 1529 seris

270 1575 417 1653 ptores,
441 1554 500 1652 qui
528 1553 800 1652 Tppograplnrum
829 1557 1011 1630 mercenarii
1035 1575 1212 1632 vocantur.

271 1655 344 1744 llus
362 1676 466 1741 vero,
500 1674 540 1726 ut
562 1654 671 1748 quivis
688 1650 796 1740 salat,
830 1653 946 1748 quales
963 1651 1123 1726 hocloco
1141 1674 1213 1728 tan·

271 1771 415 1850 guntur,
441 1752 486 1825 de
510 1771 654 1846 utruque
675 1772 804 1851 genere
828 1751 941 1845 paullo
966 1751 1157 1847 diligentius
1178 1767 1212 1826 a'·
1251 1813 1256 1824 .

271 1873 402 1950 gemus.
453 1847 618 1922 Poetastri
641 1846 715 1920 sunt
739 1847 914 1936 hominen,
939 1849 996 1945 qui
1028 1848 1142 1923 versus
1163 1847 1254 1922 faa:

273 1972 354 2024 cere
368 1946 435 2022 auli
456 1946 703 2042 sunt-unquam
720 1945 896 2040 Apolline,
920 1947 955 2020 id
977 1943 1028 2020 est
1051 1947 1215 2021 Burman·-

273 2071 347 2136 nn,
376 2047 512 2140 invit03
546 2067 651 2144 quum
681 2043 716 2115 in
746 2043 928 2117 liollandia
955 2045 1087 2118 nemini
1113 2046 1215 2118 liceat

275 2143 344 2224 elle
359 2154 490 2240 pudtae,
512 2145 568 2238 qui
583 2143 626 2216 ab
643 2165 687 2213 eo
701 2164 770 2212 nun
788 2141 926 2231 didicit,
953 2161 1011 2216 aut
1025 2143 1086 2238 -qui
1099 2165 1214 2237 partes

275 2246 350 2338 ejus
367 2265 436 2314 non
449 2240 631 2338 sequatur,
654 2261 803 2334 eumque
826 2239 980 2316 laudibus
1000 2261 1070 2314 non
1092 2240 1216 2314 efferat

275 2338 442 2427 summis,
479 2358 538 2412 tan
561 2361 646 2410 uam
672 2348 810 2431 poetam
825 2380 829 2387 -
843 2337 1012 2426 unicum,
1048 2339 1219 2416 Criticum

275 2438 521 2526 acutissimum,
540 2363 775 2512 ilistoriarum
805 2435 1092 2526 callentiffimum,
1108 2436 1220 2510 omnis

277 2535 429 2634 denique
461 2532 662 2611 eruditionis
697 2555 861 2628 promum
891 2535 1053 2608 cundum.
1127 2536 1219 2611 Nam

257 2635 372 2732 squod
387 2633 517 2732 putetis
528 2688 539 2720 ,
549 2711 552 2716 ,
562 2627 750 2728 po'e'tastros
766 2631 885 2718 vocari
900 2631 1041 2719 Gallos,
1060 2644 1120 2708 aut
1130 2633 1221 2724 Ger·¹

280 2756 402 2807 manm
423 2730 610 2828 quosdam,
637 2728 780 2812 subinde
804 2727 841 2800 in
860 2748 1011 2806 metrum
1024 2799 1027 2806 ,
1034 2739 1220 2826 peccantes

280 2828 413 2904 inscitia
431 2828 537 2916 artis,
576 2827 723 2903 multum
747 2824 910 2900 fallimini.
961 2827 1003 2904 ld
1031 2827 1125 2902 enim
1147 2853 1233 2903 ma·.

280 2929 355 3040 gnis
371 2925 409 3002 dt
426 2927 517 3000 veris
533 2924 642 3020 poetis
660 2926 762 3014 licet,
772 2921 879 3000 &suo
894 2925 1054 3022 exemplo
1064 2947 1220 3002 nonraro

280 3027 342 3100 rllis
361 3024 499 3122 praeivit
511 3019 583 3122 ipse
601 3025 833 3112 Burmannus,
848 3047 918 3098 non
933 3024 1026 3121 quod
1036 3022 1150 3122 digitis
1163 3042 1223 3099 aut

283 3148 364 3198 aure
382 3121 590 3220 quantitates
603 3121 803 3218 syllabarum
821 3142 892 3195 non
913 3123 1078 3210 calleret,
1102 3119 1162 3195 sed
1185 3143 1224 3196 ut
1311 3201 1315 3212 „

282 3221 452 3316 discipulis
471 3215 536 3298 suis
555 3220 735 3296 audaciam
751 3218 884 3296 faceret
907 3220 1026 3298 similia
1047 3219 1225 3316 tentandi,

279 3319 340 3422 flul
366 3317 472 3396 etiam
500 3318 671 3395 titubante
701 3317 791 3412 pede
820 3339 1034 3415 praeeuntem
1055 3341 1125 3392 non
1151 3316 1223 3400 aliis

248 3515 249 3518 Ν
283 3413 430 3518 passibus
445 3416 554 3494 secuti
566 3417 654 3498 sunt.
671 3412 841 3516 Exempla
855 3415 975 3514 passim
990 3415 1227 3592 occurrurgin
1292 3460 1300 3478 ·

1173 3539 1227 3590 εἶα
