2864 4332
694 301 840 400 ·(r8)

299 419 385 518 ,cipit
402 419 584 614 ljgendum
599 422 684 492 acido
700 445 737 494 oc
759 425 876 496 cantico
893 477 904 512 ,
920 419 959 498 δι
974 423 1122 520 explicat
1141 473 1153 514 ‚
1176 428 1240 498 uoi-

300 521 373 592 dum
399 545 414 590 e
439 533 608 624 opoturn,
633 524 685 612 qui
710 521 882 592 ocoeludine
893 517 1158 630 suostomarhum
1182 546 1236 596 ox-

298 615 385 692 ciltu.
437 617 534 690 Cave
549 633 585 686 te
601 636 718 690 autem
737 640 811 708 ,ne
833 617 914 690 dum
938 619 1239 698 urr'excellentiffi-

298 741 375 790 mus
402 733 439 784 te
465 717 602 802 docet,
649 715 684 786 ui
700 715 739 790 fit
758 730 850 811 potus
871 715 1003 808 acius,
1026 715 1190 794 fallamini
1218 743 1239 790 a

297 811 514 888 medicorum
529 810 605 884 filiis
647 811 815 888 'centibus
833 814 933 886 acido
946 811 1051 888 inesse
1066 813 1139 890 vinr
1154 838 1239 888 con-

185 957 190 966 ·
299 908 460 1009 gelandi‚
482 909 639 1008 figendi,
665 906 897 1000 inernllandi,
924 909 1118 1004 obſtruendi
1136 969 1146 1002 ,
1165 911 1238 998 fer-

300 1009 547 1084 mentationem
565 1007 779 1096 cohibendi,
804 1007 842 1084 dc
857 1007 912 1082 ita·
920 1007 962 1080 fri
987 1035 1024 1082 us
1039 1010 1145 1084 totius
1165 1033 1239 1082 cor-

162 1165 188 1188 !
300 1107 419 1203 poris,
444 1106 608 1203 pallorem
624 1105 662 1182 δι
676 1102 948 1180 infirmitateme
990 1107 1114 1182 ciendi.
1135 1106 1240 1182 Plane

301 1204 510 1278 contrarium
541 1202 634 1278 euim
657 1221 754 1300 patet
770 1227 814 1297 ex
836 1201 1074 1280 observatione
1090 1203 1238 1280 hominis

301 1303 369 1377 falli
394 1301 529 1392 nescii,
555 1326 626 1398 quae
652 1301 737 1373 dicit
769 1303 889 1372 acidum
919 1326 989 1375 non
1017 1305 1145 1378 habere
1165 1301 1237 1376 vim

292 1401 565 1498 fermentationem
604 1400 756 1472 cohibendi
792 1450 805 1487 ,
844 1397 901 1470 sed
932 1403 1088 1475 excitandi
1124 1400 1239 1492 llomo-

302 1503 401 1572 chum.
453 1498 588 1578 Cavete
605 1495 709 1569 etiam
738 1522 759 1570 a
775 1501 1102 1573 commentatoribus
1116 1496 1239 1572 insulsis

301 1598 422 1668 acidum
452 1597 607 1666 cantieom
640 1592 886 1690 explicantibus
907 1619 968 1690 per
991 1595 1109 1670 salsum
1135 1651 1146 1686 ‚
1169 1597 1239 1670 ele·

302 1717 386 1790 gans
404 1747 416 1782 ‚
439 1689 594 1780 liberum.
643 1691 692 1768 llli
706 1711 844 1765 acetum
866 1715 945 1767 acre
960 1694 996 1768 in
1013 1694 1156 1790 pedore
1172 1717 1241 1767 non
1287 1739 1289 1742 -

300 1791 441 1867 habent.
485 1787 624 1870 ¹Aridum
639 1814 723 1886 ergo
740 1785 1015 1890 distinguendmn
1031 1790 1241 1880 neantico,

302 1888 342 1964 dc
365 1915 410 1964 ex
440 1907 559 1962 mente
584 1886 650 1962 viri
678 1885 828 1984 praeclari
844 1889 1043 1963 sumendum
1057 1914 1121 1985 pro
1137 1887 1243 1966 sorbi-

304 1987 399 2062 tione
416 2005 497 2062 ante
518 1985 728 2080 prandium,
752 2007 819 2081 qua
845 1986 1020 2082 appetitus
1037 1985 1238 2072 excitatum

303 2084 435 2161 etiamst
452 2083 488 2156 id
505 2081 634 2158 felicius
661 2083 858 2178 potiuncula
876 2108 991 2158 amara
1008 2083 1129 2179 perfici
1145 2081 1241 2180 poffe

302 2182 468 2256 homines¹
484 2181 564 2253 vani
590 2181 749 2262 statuant.
798 2181 895 2270 Quid
923 2205 1011 2255 vero
1033 2179 1084 2254 est
1105 2180 1240 2256 srmilius

303 2303 404 2376 quarn
419 2277 522 2366 ‚acido
537 2273 750 2353 stomachum
765 2277 909 2354 excitari
925 2335 935 2366 ‚
961 2303 1066 2374 quum
1086 2279 1241 2354 auctores

303 2401 425 2476 graves
439 2373 570 2472 scriptis
587 2374 823 2472 prodiderint,
843 2376 1047 2450 Annibalem
1063 2376 1119 2448 vel
1136 2377 1240 2470 Alpes

303 2496 404 2550 aceto
427 2472 613 2570 perrupille
629 2476 737 2567 lJure
750 2497 924 2571 quoquea
947 2475 1146 2548 Burmanno
1167 2476 1236 2549 cul·

300 2591 426 2669 pantur
441 2569 571 2667 judoci,
597 2571 655 2668 qui
674 2570 895 2646 Pentecolles
915 2572 972 2643 die
988 2569 1240 2646 calumniaban-

302 2691 358 2744 tur
383 2667 623 2762 ChrillianuS‚
663 2688 838 2770 tanquam¹
855 2670 985 2762 yueoosr
1007 2671 1244 2768 μεμεςωμένες,
1303 2721 1305 2726 .
1415 2647 1416 2690 Ξ

302 2770 382 2840 dulci
406 2771 478 2841 uino
510 2768 680 2862 impletor,
726 2786 844 2859 quum,
864 2765 1126 2846 calumniatores
1153 2767 1243 2842 male

243 2919 246 2928 .
304 2863 418 2940 feriati
439 2861 559 2936 saltem
575 2859 767 2937 debuiffent
784 2859 900 2936 dicere
914 2865 1009 2938 acido.
1036 2863 1189 2938 Venitei
1216 2868 1243 2930 ·.

302 2984 359 3038 tur
397 2960 420 3034 ὃ
455 2959 552 3033 udaei'
613 2960 646 3034 ui
674 2953 800 3034 Christi
823 2983 883 3032 nos
899 2960 1014 3034 vulti.
1075 2987 1169 3040 urnnr
1191 2965 1259 3057 ri,-

301 3081 376 3136 uta
447 3082 529 3132 ees
544 3053 773 3132 Burmannid
800 3055 970 3132 ceami-i·
1193 3057 1199 3076 ¹

174 3229 178 3246 ,
351 3139 544 3255 Fug.''1292
580 3153 792 3227 Clem‘robulo
821 3156 1022 3236 terebinthina
1045 3153 1089 3240 ἐξ
1117 3159 1245 3260 crffial-
1298 3232 1301 3238 ,
1349 3141 1379 3206 ·'

304 3257 377 3335 linis
409 3253 537 3352 efferis.
586 3249 731 3326 Etiamsr
768 3249 947 3332 Petronius
981 3256 1075 3335 dicat
1106 3259 1248 3334 tabulam

1197 3354 1251 3430 lu-
