2864 4332
290 481 468 556 venationi
492 478 737 577 elegantiarum
765 499 832 548 non
856 476 986 552 adsueti
1016 475 1151 575 possent
1174 502 1233 576 pu·
1289 563 1293 574 ,

288 599 362 654 tare
379 580 456 662 illud
482 581 573 683 Quid
590 579 701 648 ditis?
723 575 792 649 effe
818 575 1013 672 simpliciter
1039 576 1168 652 dietum
1191 583 1233 652 ab
1282 589 1286 598 “

287 677 430 754 homine
448 675 657 750 familiariter
674 673 874 748 Habinnam
901 675 1149 770 compellante,
1174 677 1232 750 nili

287 776 379 852 aliud
396 775 538 850 doceret
556 775 778 848 Burmannus.
828 823 856 863 „
882 772 971 848 llaec
987 771 1132 856 formula
1146 776 1239 879 Quid

287 926 315 970 „
339 876 415 948 dicis
440 871 507 971 (in
532 871 605 970 uit)
630 873 800 956 occultam
826 871 1098 967 objurgationem
1124 877 1234 966 conti-

240 1049 244 1054 ,
287 1027 310 1064 ,‚
334 992 421 1061 net,
446 899 536 1068 quali
558 969 735 1044 Habinnas
752 969 786 1040 in
812 967 1015 1044 adificando
1032 993 1236 1043 monumen-

287 1124 310 1162 „
335 1089 373 1142 to
387 1071 488 1157 nimis
514 1071 623 1142 lentus
646 1065 748 1152 ellet,
773 1067 863 1162 quod
891 1066 1040 1155 homini,
1063 1071 1134 1165 jam
1162 1093 1235 1140 mo-

287 1218 312 1258 „
334 1167 363 1240 ri
393 1165 549 1255 voleuri3
581 1165 708 1238 debeat
732 1161 801 1236 elle
833 1183 989 1257 paratum
1007 1164 1036 1237 ''.
1088 1167 1234 1241 Utinam

288 1265 467 1340 addidillet
493 1264 547 1337 vit
569 1261 738 1342 maximus
763 1265 922 1356 exempla
944 1260 1138 1354 nostorum,
1163 1267 1238 1358 qaid

286 1365 394 1437 dicis?
426 1385 589 1460 tanquam
621 1363 793 1434 occultam
831 1361 1105 1456 objurgationem
1138 1363 1234 1434 aohi-

287 1465 466 1536 bentium‘!
492 1459 599 1534 Forte
615 1455 709 1532 idem
731 1457 809 1530 illud
826 1460 899 1552 quid
914 1460 990 1531 dicis
1008 1469 1020 1533 ?
1046 1459 1234 1555 documen-

287 1579 325 1631 to
339 1557 407 1650 est,
431 1555 729 1632 Trimalchionem
747 1557 820 1653 jam
849 1555 936 1630 serio
964 1555 1103 1629 voluille
1120 1559 1232 1643 mbri;

286 1679 368 1732 nam
383 1658 474 1730 unde
500 1654 535 1728 id
561 1654 682 1752 alioqui
698 1655 896 1726 Burmanno
924 1653 1137 1737 constiterit,
1164 1679 1233 1728 non

285 1773 393 1853 patet.
440 1752 631 1828 Hominem
656 1749 790 1828 ebrium
808 1753 880 1824 veri
904 1751 1032 1826 funeris
1052 1752 1234 1836 simulatio·
1330 1836 1336 1840 ,

286 1877 368 1928 nem
392 1851 532 1925 voluille
546 1853 685 1940 videre,
710 1867 731 1921 e
756 1847 922 1924 Petronio
946 1847 1096 1939 conllat,
1120 1850 1159 1927 dc
1183 1849 1232 1924 la-

285 1951 414 2026 miliam
437 1952 569 2025 ebriam
593 1949 697 2022 veluti
722 1968 895 2022 mortuum
922 1943 1102 2044 planxrlle,
1128 1973 1232 2044 quem

285 2052 377 2122 bona
405 2049 476 2122 fide
499 2071 568 2120 non
593 2045 661 2119 esse
684 2065 856 2119 mortuum
884 2047 1032 2119 dolebat.
1093 2045 1231 2144 Siquis
1283 2044 1284 2047 '
1321 2061 1324 2068 “

284 2147 387 2244 igitur
410 2145 567 2243 cuiquam
597 2145 721 2219 dixerit
740 2146 847 2239 ‚quid
875 2146 989 2219 diris?
1028 2163 1147 2238 putato
1171 2169 1236 2218 vos

257 2213 261 2294 l
286 2247 376 2317 colas
390 2243 468 2328 illas
494 2247 624 2316 tacitam
640 2247 793 2316 continere
808 2246 1062 2340 objurgationum

337 2340 419 2438 Pag,
438 2343 514 2414 ead.
540 2342 804 2444 Quemadmodum
828 2355 858 2414 to
870 2338 959 2452 jaff.
996 2339 1233 2416 lnterGram-

287 2440 433 2516 maticos
455 2440 561 2514 multa
594 2439 632 2513 lis
657 2439 831 2534 hucusque
862 2443 928 2511 luit
959 2436 1058 2533 snper
1082 2438 1234 2510 conllru-

288 2537 404 2612 &ione
436 2537 534 2612 verbi
569 2541 687 2634 jubeor
722 2536 924 2632 quibusdam
948 2533 1234 2628 improbantibus

288 2637 422 2731 quasvis
447 2635 628 2726 formulas,
653 2635 824 2730 inquibus
847 2636 994 2706 occurrit
1005 2638 1097 2730 jubeo
1118 2649 1148 2708 ta
1163 2656 1234 2705 non

286 2733 448 2830 sequente
480 2731 681 2822 infinitivo,
721 2750 778 2803 aut
794 2734 886 2826 jubeo
911 2735 996 2822 tibi,
1033 2731 1253 2828 quibusdam¹

287 2852 375 2926 vero
398 2848 577 2926 utramque
601 2829 781 2904 formulam
805 2828 932 2904 Latine
959 2829 1116 2904 adbiberi
1164 2826 1235 2902 offe

286 2929 501 3004 docentibus.
552 2924 707 3000 Priorem
731 2927 934 3001 sententiam
957 2948 1098 3011 tuentur
1150 2950 1232 3000 unc·

250 3043 252 3050 ’
286 3029 387 3120 kerus
412 3026 457 3120 ad
473 3017 534 3124 Hy
560 3024 604 3098 in.
628 3049 662 3121 p.
682 3034 764 3122 276.
816 3024 976 3100 Heinsius
989 3026 1033 3101 ad
1050 3025 1141 3098 hunc
1166 3024 1233 3098 Pe·

287 3125 390 3200 tronii
409 3127 532 3224 locum
598 3121 748 3198 unckero
776 3121 988 3222 suffragans,
1012 3121 1051 3198 dt
1076 3122 1130 3196 alii
1163 3146 1232 3198 non
1354 3199 1358 3212 ,

289 3223 409 3320 pauci,
437 3247 521 3322 quos
544 3245 745 3296 enumerare
772 3221 858 3296 nihil
875 3221 1021 3297 adtinet·
1065 3221 1232 3317 Burman-

284 3345 350 3396 nus
375 3319 793 3418 secundumqlaudabilem
816 3323 917 3396 luam
952 3316 1232 3393 consuetudinem

287 3409 434 3497 Heinsio
455 3421 641 3520 obloquens
667 3411 736 3521 boc
758 3422 835 3518 locp
858 3416 1025 3535 negat&
1045 3436 1229 3532 pernegat,

293 3562 295 3566 ,
1176 3537 1234 3613 Ju-

252 3654 1258 3688 wi
