2864 4332
200 585 224 622 „
248 527 341 602 stum
366 525 423 600 vel
449 419 618 618 scriptum(
636 406 903 622 gli‚)legerint,
928 528 1078 623 quae'runr
1109 525 1156 600 id<

174 615 178 634 ¹
205 629 317 722 „lupe
350 619 597 718 intempestivae
624 623 1043 714 emendationis,—etiam
1076 623 1146 697 aliis

172 641 230 918 x„
255 723 468 819 scriptoribus
491 720 666 792 intrudere
693 719 726 794 '’.
773 720 869 812 Quid
896 721 940 796 ad
964 721 1038 797 haec
1063 721 1156 797 ami*

206 849 265 896 cus
279 819 416 896 noster?
443 818 639 891 Veneratus-
656 817 843 891 Burmanni
859 819 979 917 srngula
1001 845 1057 894 em
1078 819 1156 916 plass,

173 919 183 994 l
209 946 253 994 ne
271 919 521 1006 eruditionem,
547 917 687 1013 agnovit
705 917 843 1012 quidem
859 917 893 1016 se
918 846 1066 1009 vitium,
1091 917 1149 992 sed

209 1025 325 1092 tamen
355 1016 470 1089 nescio
493 1012 763 1112 quid'oblusiari
787 1019 988 1100 conabatur:
1014 1015 1151 1116 praeser·

207 1119 268 1190 tim
301 1118 393 1188 circa
415 1113 565 1210 priorem
596 1109 743 1186 tortoris
768 1114 896 1211 egregii
919 1113 1151 1214 conjesiuram

205 1213 353 1313 desorto,
379 1235 433 1284 cur
457 1214 655 1307 opponebat
671 1209 770 1304 ipsrus
795 1213 891 1292 verbi
915 1209 1151 1302 insolentiam,

209 1312 248 1386 dt
266 1309 450 1386 Burmanni
466 1309 658 1404 querelam,
683 1309 808 1381 eadem
826 1311 891 1382 hac
910 1305 1151 1399 annotatione,

211 1411 256 1482 de
277 1409 416 1482 libidine
444 1403 622 1480 dodtoru'm
643 1407 837 1480 intrudendi
853 1407 1066 1504 scriptoribus
1087 1431 1151 1480 vo·

211 1531 288 1595 ces,
314 1531 394 1604 quas
410 1503 499 1578 sorte
511 1504 618 1590 'semel
636 1503 791 1601 legerint.
820 1504 951 1594 Quid,
964 1508 1084 1606 igitur,
1102 1509 1167 1599 dig

209 1611 334 1694 cebat,
368 1607 522 1678 dicemus
544 1605 589 1675 de
622 1606 814 1676 llurmanno
847 1603 1152 1704 deforto'legente,

112 1713 116 1724 ’
212 1729 284 1800 quae
301 1727 371 1774 vox
393 1699 486 1774 nihili
511 1699 579 1787 est,
605 1699 642 1774 dc
658 1695 986 1799 ¹nusquam'legitur?
1015 1703 1154 1777 Pr'aeter-
1186 1767 1188 1772 .

212 1825 255 1874 ea
287 1801 395 1896 defida
430 1798 620 1895 significare
650 1823 689 1870 ex
714 1813 798 1896 opere
831 1800 958 1898 pistorio
971 1797 1095 1898 foria,
1119 1821 1154 1874 ut

213 1901 268 1972 vir
293 1899 441 1972 eximius
471 1895 583 1983 dicit,
616 1904 851 1991 pernegabat,
885 1897 1153 1995 ollendebatque

152 2041 156 2049 ι
213 1999 305 2094 apud
332 1997 502 2086 Catonem
526 1997 611 2090 Cap.
638 1995 777 2068 LXXV.
801 1995 838 2068 dt
859 1995 1007 2086 ΟΧΧΙΙ.Ι
1033 1996 1153 2094 srgnifr-

216 2118 296 2168 care
312 2091 413 2192 longe
431 2091 547 2180 aliud,
572 2093 698 2165 scilicet
716 2090 859 2168 farinam
876 2093 1046 2169 subustum
1068 2107 1156 2192 aqua

214 2196 251 2268 in
276 2192 369 2288 globi
393 2189 542 2264 sormam
566 2189 732 2280 formare,
758 2214 816 2263 aut
832 2191 877 2267 illi
897 2192 1072 2288 ejusmodi·
1087 2193 1153 2266 sor-

215 2317 311 2367 mam
336 2293 417 2362 dare
432 2286 623 2378 manibus,
647 2303 719 2386 qna
745 2290 933 2384 placuerit,
974 2309 1153 2388 antequam

187 2389 192 2466 i
218 2409 393 2485 coquatur.
453 2387 525 2458 Nos
551 2411 635 2460 vero
653 2386 798 2460 suaviter
829 2390 1025 2461 ridebamus
1048 2387 1159 2462 homi·
1246 2477 1248 2484 Ι

189 2482 193 2534 ¹
217 2513 298 2565 nem
312 2484 500 2583 periculose
518 2485 715 2558 Burrnanno
737 2487 995 2580 oppedentemss'
1099 2503 1103 2512 “

191 2577 216 2712 ξ’
268 2585 349 2681 Pag.
376 2591 456 2678 346.
492 2583 697 2684 Intraverunt
723 2589 780 2658 duo
799 2581 910 2680 servi,
936 2601 1083 2680 tarrquam
1107 2589 1158 2681 qai

191 2720 195 2784 r,
219 2691 325 2766 rixam
345 2683 388 2754 ad
406 2685 505 2756 haam
519 2679 684 2778 frcrffenr,
710 2683 779 2758 &e
834 2683 968 2758 Vocem
991 2687 1076 2757 lacus
1099 2695 1157 2756 va'-

192 2787 196 2850 l
220 2785 261 2860 rii
276 2782 481 2878 interpretes
502 2781 682 2876 varie'qua
702 2779 936 2878 explicarunt,
961 2807 1026 2880 qna
1041 2795 1160 2856 emen·

221 2883 352 2960 darunt.
402 2877 470 2950 lllii
493 2877 681 2974 piscinam,
706 2903 763 2954 aut
788 2881 898 2954 lacum
928 2886 1051 2972 balneo
1076 2881 1162 2952 vicl-

178 3023 180 3030 ν
210 2983 322 3066 num,
347 2975 402 3048 alii
424 2975 596 3049 vinarium
610 2978 751 3066 lacum,
773 2978 1053 3074 interpretantur.
1088 2977 1160 3053 litis

221 3076 379 3152 omnihus
409 3071 589 3146 solussese
614 3075 830 3148 Burmannus
855 3079 1024 3174 opposuit.
1073 3130 1096 3165 ‚,
1123 3080 1160 3150 ln

223 3231 245 3265 „
271 3177 377 3244 domo
400 3170 662 3264 Trimalchionis
693 3184 706 3268 (
714 3174 843 3270 inquit)
873 3179 1003 3272 grande
1028 3173 1180 3271 aliquod.

223 3327 249 3368 „
272 3293 348 3357 vas,
376 3269 446 3344 five
460 3272 732 3364 receptaculum,
757 3272 854 3344 fuisse
874 3271 1099 3360 crediderim,
1118 3295 1179 3348 eae

176 3451 179 3458 ,
213 3381 245 3462 ’,,
271 3391 340 3470 quo
357 3365 460 3440 servis
484 3369 654 3458 amphoris
677 3369 798 3440 vinum
822 3370 918 3441 vilius
942 3369 1163 3459 hauriebant,

222 3523 248 3566 „
271 3465 362 3566 quod
380 3465 515 3540 familiar
535 3463 725 3540 ministrare
742 3467 934 3564 deberent,
960 3492 1039 3544 cum
1055 3466 1164 3542 domi-

177 3585 181 3600 *
226 3587 235 3599 Ρ
586 3611 587 3615 ’
887 3606 889 3621 “
995 3613 1018 3659 ,2
1046 3589 1180 3641 mcum*

190 3691 1182 3730 -w-——n—-n
