2864 4332
184 2521 187 2526 ¹
219 2431 279 2512 est.
327 2429 405 2514 Nec
423 2438 495 2533 quis
510 2456 609 2532 putet
627 2437 662 2512 se
685 2419 875 2532 intelligere
900 2435 1055 2527 audores
1073 2455 1172 2531 vete·

683 341 772 442 87)

225 460 462 572 thematicus,
492 342 754 545 utfoeneiando
780 485 843 560 per
866 459 1005 542 libertos
1037 483 1175 574 promo,-

225 571 350 635 verena
372 587 427 638 res
451 587 575 656 meas,
601 586 709 664 utque
731 586 772 636 ea
793 561 937 652 ratione
952 559 1089 635 divinas
1114 561 1177 634 cul

125 697 135 704 ·
227 663 393 735 molarem
408 661 548 742 divitiis.
573 665 709 740 Cavete
725 679 868 750 tamen,
892 682 937 733 ne
954 660 1027 734 haec
1041 656 1090 734 ita
1104 647 1176 734 esse'
1205 657 1209 730 ἶ

225 761 373 854 putetis,
395 761 526 838 dboni.
575 761 684 835 Vetat
707 757 828 836 dodlot
841 759 969 834 ,unicus
986 758 1081 832 hisce
1095 781 1175 832 ver·
1206 807 1210 850 2

223 855 300 934 bis:
325 912 353 953 ‚,
374 859 503 936 Hiulca
526 881 626 935 certo
647 859 756 934 oratio
782 855 852 950 est,
876 857 935 931 sed
962 857 1090 932 similia
1099 859 1178 956 jam,
1206 889 1210 911 =

223 1005 252 1048 ‚‚
277 961 380 1043 toties
404 959 439 1056 in
458 959 536 1034 'hac
562 954 660 1034 coena'
684 959 856 1049 vidimus,
880 971 920 1030 u't
945 954 1068 1030 frustra
1083 955 1119 1028 in
1132 956 1174 1029 iis‘
1206 1017 1209 1029 .

222 1103 250 1146 ‚,
274 1057 502 1142 'emendandis
519 1057 697 1149 sudemus,
723 1057 878 1155 quamvis
895 1056 930 1128 in
951 1075 1091 1151 promtu
1107 1053 1171 1129 stnt
1206 1084 1209 1092 ·

223 1203 254 1246 „
277 1156 385 1232 etiam
399 1157 609 1252 optimorum
630 1155 806 1231 ausimum
831 1155 1012 1250 exempla,
1038 1156 1097 1230 ubi
1118 1151 1174 1226 ‘his
1245 1241 1250 1254 ι

222 1303 252 1344 ,,
277 1253 452 1348 ablativis,
474 1276 512 1328 ut
537 1276 687 1348 vocant,
712 1253 869 1330 absolutis
892 1271 963 1326 non
988 1251 1175 1350 respondet
1206 1324 1208 1332 ,

138 1407 142 1418 ,
222 1399 250 1442 ‚‚
275 1349 417 1448 sequens
452 1355 640 1430 verbum'’.
690 1353 763 1428 Nos
784 1353 863 1428 sane
880 1351 1025 1442 ,etiam
1050 1349 1175 1426 misere

223 1452 370 1524 terendo
395 1453 540 1545 oculos,
565 1453 759 1528 orationem
791 1449 939 1526 hiulcam
973 1450 1020 1526 ibi
1053 1449 1176 1525 videre·

192 1563 194 1578 ²
220 1569 291 1640 pon
308 1549 491 1645 potuimus.
541 1551 696 1626 Tantum
720 1547 881 1648 praestant
904 1548 1046 1632 aliorum
1071 1547 1176 1622 oculis
1206 1643 1210 1652 Ι

222 1646 313 1720 oculi
331 1647 556 1724 Criticorum!
585 1647 690 1734 Plane
706 1669 747 1724 ut
765 1648 975 1738 Quich‘otius
990 1645 1053 1722 iste
1071 1669 1175 1748 eques

222 1768 338 1818 errans
368 1745 493 1846 ubique
507 1747 689 1849 videbatur
713 1747 774 1822 sabi
794 1747 915 1822 videre
934 1748 1097 1846 gigantes,
1114 1747 1179 1839 dog
1205 1802 1209 1815 .

220 1844 397 1933 mandos,
434 1868 493 1920 aut
517 1844 660 1921 Orestes
686 1847 805 1920 mente
834 1847 948 1920 motu's
966 1847 1067 1944 'quod
1097 1856 1178 1918 nus:
1206 1861 1210 1878 ²

221 1965 321 2038 quam
339 1941 444 2038 esset,
460 1943 506 2020 lic
525 1944 594 2018 hoc
611 1967 772 2041 tempore
788 1931 1000 2018 eruditorum
1024 1942 1062 2017 ἃ
1075 1942 1176 2027 semi-
1207 2012 1211 2026 ,
1325 1997 1328 2006 .

223 2042 433 2118 eruditorum
457 2042 553 2145 natio
578 2043 733 2141 quaedam
760 2047 921 2138 corrupta
937 2037 1112 2132 austerum
1126 2044 1174 2114 lo·
1206 2103 1210 2110 .

132 2199 138 2205 .
224 2159 266 2212 ca
290 2164 454 2240 nusquam
486 2159 556 2216 non
583 2141 692 2216 videt.
717 2195 722 2204 ·
744 2140 894 2217 ht'haec
920 2134 1174 2232 normannum*

221 2234 359 2316 istortlm
386 2239 596 2324 eruditorum
620 2241 833 2338 principem,
856 2237 1001 2338 minime
1011 2249 1171 2338 tangunt,

220 2335 279 2410 llle
307 2339 395 2414 vidit
419 2339 612 2414 orationem
637 2339 705 2412 elle
732 2339 899 2432 hiulcam:
952 2361 1035 2435 ergo
1060 2336 1174 2411 hiulca‘

219 2556 303 2630 tes,¹
323 2537 383 2616 nist
404 2535 586 2633 intelligat,
612 2542 650 2610 tit
665 2533 761 2608 idem
785 2534 841 2607 ille
857 2533 1101 2628 Burmannus2
1113 2533 1175 2704 pul

216 2655 263 2706 ne
290 2633 394 2708 nunc'
409 2635 549 2731 quidem
568 2659 632 2709 nos
656 2637 698 2708 ab
724 2631 887 2709 hocloco
913 2631 1075 2722 dimittit,
1128 2629 1174 2706 ed

213 2729 314 2824 jubet
332 2731 370 2806 dc
387 2731 562 2830 sequentia
579 2731 773 2809 addiscere:
823 2787 846 2824 ‚‚
871 2728 1030 2806 Extrahit
1057 2735 1175 2806 anteiri

218 2879 241 2916 „
266 2831 542 2924 Mathematicus,
591 2832 814 2930 praedicendo
853 2830 1015 2906 nimirum
1061 2827 1174 2924 futura

239 2944 241 2952 t

93 2953 101 2964 ·
217 2925 424 3098 ssdamna,
463 2931 639 3032 naufragia
672 2931 710 3006 dt
745 2928 904 3004 nmilia’t
954 2927 1172 3004 Reconditos'

231 3025 320 3100 'bros
338 3027 504 3124 quosdam
526 3032 629 3128 vulgo
653 3029 788 3128 ignotos
804 3028 934 3114 habeat
957 3045 1116 3124 oportet,
1149 3049 1171 3100 e

217 3123 345 3218 quibus.
360 3124 440 3198 talia
468 3127 609 3222 didicit3
639 3151 720 3204 nam
746 3124 927 3202 Petronius
939 3126 982 3198 id
1004 3145 1194 3218 nusquam·

217 3220 315 3299 dixit.
364 3225 525 3300 Extrahit
541 3226 635 3312 enim
653 3224 921 3301 Mathematicus
942 3219 1171 3298 Trimalchio-

215 3341 319 3416 nem,
344 3340 382 3396 ut
395 3345 460 3418 per
485 3321 626 3403 libertos
650 3323 859 3498 sapermet..
895 3319 1031 3396 Verum
1054 3319 1103 3394 ita
1119 3322 1168 3394 lo-‘

751 3451 777 3520 4
849 3501 853 3508 ,
904 3499 937 3513 μ
1087 3441 1167 3494 cum

1100 3655 1200 3682 ’.ι-ιη’»
