2864 4332
257 490 376 601 ¹pillo‚'
400 502 491 580 hanc
508 408 792 580 emendationenl
810 384 948 576 inurent.
971 571 974 580 Δ
999 501 1161 580 Nondum
1178 521 1230 574 ta·
1256 452 1262 614 l

276 625 441 680 mennon
458 605 501 676 ab
518 601 588 673 hoc
608 603 687 678 loco
703 600 847 676 dimittit
870 603 923 674 vir
939 602 1098 684 summus.
1124 656 1146 687 „
1173 603 1230 677 Pi·
1255 620 1261 652 ¹

196 771 200 776 .
276 752 304 797 ‚‚
330 704 369 776 la
387 719 491 776 erant
525 696 699 798 (inquit)
733 700 898 776 turricula
925 698 1171 778 &columellae
1196 701 1231 773 in

276 850 306 894 „
329 799 395 874 viis
420 798 591 896 publicis,
622 798 742 896 quibus
775 797 974 896 adfigebanr
998 801 1170 894 venalium
1195 801 1231 872 in
1268 855 1273 865 .

275 947 305 991 ,,
332 900 439 973 domo
469 897 639 972 mercium
673 897 811 976 indicia
871 897 1030 972 marnat-
1046 897 1231 996 Lib.vVll,

275 1045 304 1089 „
328 996 432 1094 Epig.
459 1003 518 1069 60.
536 995 555 1025 ’'
606 993 700 1072 Male
725 995 765 1070 stt
788 995 1013 1070 semicruditis
1038 995 1140 1087 istis,
1174 995 1242 1092 qui.x

277 1099 582 1185 noodocuemnt,
603 1095 688 1192 pilas
712 1091 810 1166 soille
833 1093 964 1190 lapides
997 1094 1170 1191 utrimque
1195 1093 1233 1166 in

276 1191 335 1268 via
350 1193 613 1290 iradirpasrtos,
640 1211 678 1265 ut
694 1191 842 1288 spatium
854 1193 890 1266 in
898 1192 1017 1268 medio
1031 1191 1231 1288 superesset,

276 1315 345 1390 quo
370 1293 544 1383 curribus,
570 1291 701 1380 carris,
726 1295 858 1381 bobus,
885 1292 980 1387 equis
997 1301 1013 1384 ‚'
1034 1291 1175 1388 aliisque
1196 1316 1232 1362 a·

276 1391 458 1468 nimalibus
478 1387 568 1464 esset
589 1389 758 1479 eundem,
783 1388 895 1486 idque
902 1383 1069 1485 lapidibus
1092 1393 1233 1464 litatum

278 1511 350 1564 non
368 1487 490 1581 ,suille3
518 1511 641 1562 verum
655 1487 855 1584 ltincatque
872 1489 954 1562 inde
972 1487 1116 1584 spatium
1134 1486 1231 1562 fuisse

278 1585 536 1662 a-domibusad
552 1586 635 1682 pilas
650 1582 865 1681 pareatum,
889 1586 1055 1682 lapidibus
1071 1584 1231 1681 stratum,
1276 1667 1280 1682 1
1351 1581 1354 1588 ’

276 1707 346 1784 quo
369 1683 529 1758 homines
561 1685 795 1762 incederent:
819 1682 990 1760 institores
1021 1705 1136 1758 autem
1162 1707 1233 1757 non

271 1801 412 1860 tantum
435 1783 472 1858 in
498 1783 648 1860 tabernis
680 1805 828 1858 merces·
841 1783 981 1859 venales
1006 1781 1233 1878 proposuisse,

276 1879 339 1966 sed
352 1883 458 1984 ctiam
480 1875 531 1956 ad.
542 1883 649 1978 pilas,
674 1907 755 1980 quo·
768 1882 899 1956 facilius
912 1900 1161 1980 praetereuntes
1185 1883 1233 1953 al-

277 1981 438 2072 licerent·
456 1979 539 2056 hinc
573 1979 617 2056 ad
650 1983 765 2076 pilas,
791 1982 874 2054 inde
909 1984 954 2056 ad
992 1982 1117 2054 domos
1132 2023 1151 2066 ,ι
1167 1981 1233 2053 im·

277 2102 339 2154 mo
371 2103 458 2155 non·
475 2101 553 2157 rato
585 2097 697 2156 totum
728 2103 821 2175 pene
854 2078 998 2176 spatium
1032 2077 1234 2173 occupasse,

278 2177 371 2276 quod
385 2179 476 2254 inter
491 2179 615 2257 dom'os
628 2199 702 2252 erat
718 2179 759 2252 dc
775 2178 869 2271 pilas.
920 2176 988 2254 Isia
1005 2179 1120 2252 omnia
1139 2177 1233 2250 dice·

278 2279 364 2352 bant
397 2277 573 2353 clariffime
605 2275 688 2351 disci
712 2275 812 2371 posse
838 2299 891 2349 ex
917 2279 1043 2351 eodem
1070 2276 1235 2349 Martialis

278 2373 382 2474 Epig.
407 2375 499 2472 quod
515 2397 607 2450 nunc
624 2376 838 2450 Burmannus
862 2376 946 2449 citat
972 2376 1017 2448 ad
1039 2377 1132 2451 suam
1152 2399 1235 2470 quo-

279 2495 347 2570 que
370 2472 576 2548 sententiam
607 2471 858 2548 stabiliendam.
910 2474 963 2570 Ut
993 2475 1103 2572 quivis
1128 2471 1235 2545 ledor

279 2569 370 2648 hanc
394 2569 604 2671 cognoscere
630 2570 765 2647 causam
789 2569 918 2666 pollet,
944 2594 1030 2646 ecce
1051 2576 1124 2672 Jam
1148 2570 1234 2645 indi·

283 2689 400 2746 catum
418 2673 645 2774 Epigramma
660 2671 849 2768 integrum:

395 2846 479 2980 ¹nr)
504 2902 756 2982 erasmum
780 2903 1123 2984 Domitianum

357 3138 540 3244 Abstulerat
565 3161 664 3222 totam
685 3145 868 3216 temerarius
889 3113 1014 3240 institor
1038 3109 1181 3233 arrham,¹

408 3239 507 3336 Inque
525 3241 586 3342 suo
609 3245 728 3316 nullum
754 3238 859 3312 limine
877 3240 970 3312 limen
992 3257 1069 3314 erat.
1101 3293 1104 3298 -

358 3335 489 3438 Juffisti
504 3358 629 3437 tenues,
657 3339 854 3429 Germanice,
879 3333 1009 3436 crescere¹
1024 3341 1127 3412 vicos:

1153 3525 1283 3662 'Er¹
