2864 4332
159 366 163 376 Ι

293 477 434 591 qoid‘ein
457 489 591 565 Vosfiur
614 485 762 585 explicat
787 489 881 566 Flori
906 487 1122 586 lomim-sed·
1140 497 1242 594 piane

242 625 248 640 ·
291 587 396 687 consul
419 611 489 663 non
520 587 613 686 legit.
708 624 760 697 1,·

309 691 408 786 ·Pag,·
428 687 511 761 218.
535 687 669 765 Ferrum
699 689 848 788 optimum
872 691 1001 764 durrus
1025 689 1157 792 efisme
1177 692 1242 790 fua

311 811 350 882 a,
384 789 566 859 carnarium
593 791 636 859 in·
656 794 751 863 nodio
787 804 823 861 ut
855 791 1076 886 amphitheatro
1111 793 1235 866 uiduata

157 877 163 900 '
285 813 447 968 {ibahar
472 887 558 958 undu
595 887 705 961 Loco
721 885 802 960 huic
823 888 962 984 quidam
996 889 1143 962 alienum
1165 890 1240 985 pla‹

286 1007 334 1058 ne
356 982 488 1058 sensum
513 983 690 1084 affingunt.
711 988 959 1076 Burmannus,
996 1007 1032 1059 ut
1056 987 1159 1077 solet,
1184 986 1237 1060 soa

285 1083 335 1156 lus
353 1105 475 1157 verum
499 1082 617 1158 vidin·
646 1083 837 1158 'Videamus
869 1085 981 1180 primo
994 1083 1148 1160 aliorum
1173 1105 1235 1160 ex·

284 1181 526 1278 plicationem,
559 1199 628 1279 quo
661 1183 780 1256 clarius
816 1203 950 1278 pareat,
979 1183 1063 1280 quid
1096 1184 1233 1260 Echion

287 1277 507 1354 centonarius
534 1280 699 1370 uoluerit,
733 1281 917 1378 magnifice
951 1279 1094 1356 laudans'
1112 1303 1233 1356 monus

284 1379 539 1477 gladiatorium,
564 1382 662 1476 quod·
680 1380 832 1453 Decuno
856 1377 1016 1474 quidem,
1039 1381 1110 1454 srve
1134 1381 1245 1461 Sevir,

282 1477 458 1574 municipii
473 1472 558 1548 effer
582 1477 731 1553 daturus.
752 1478 810 1556 ‚ttli
842 1497 964 1572 putant
989 1479 1097 1552 verba
1121 1478 1233 1573 prola-

151 1615 153 1618 ·
282 1592 319 1648 ta
336 1577 372 1650 id
396 1573 599 1671 fignificare:
609 1575 709 1648 Titus
724 1573 838 1649 noster
853 1575 904 1647 est
919 1575 1231 1676 datu'rurgladiato-

281 1695 338 1747 res
357 1673 508 1767 optimos
528 1669 566 1746 dt
589 1675 850 1764 valentiffimot,
868 1673 989 1770 quibus
1021 1697 1091 1748 nou
1114 1675 1236 1750 licebit

280 1771 436 1872 fugere,
461 1788 518 1844 aut
553 1769 744 1846 detrectare
767 1793 937 1870 pugnarn,
962 1775 1123 1868 quoniam
1146 1771 1237 1846 vito

279 1871 484 1946 occidentur
496 1867 561 1957 ,ut
587 1871 643 1944 ille
661 1871 779 1944 videar
795 1869 1052 1968 polyandrium,
1066 1871 1137 1944 srvc
1160 1887 1229 1944 οω-

276 1967 472 2058 micerium,
490 1967 526 2041 in
550 1969 668 2043 medio
692 1969 947 2066 amphitheatro
962 1997 970 2042 :
990 1967 1029 2042 dt
1046 1969 1151 2044 habet
1168 1991 1233 2042 unu

240 2121 245 2128 -
276 2068 323 2142 de
340 2075 445 2142 tanto
461 2061 586 2140 sumrui
601 2065 916 2167 sufficiar,quantus
931 2064 982 2140 est
995 2065 1174 2142 faciendus
1190 2067 1228 2142 iu

276 2163 516 2263 comparandis
545 2165 815 2263 gladiatoribus,
848 2166 904 2262 qui
936 2185 979 2238 ea
1010 2166 1086 2264 iege
1121 2189 1230 2264 arque

277 2263 479 2338 conditione
502 2264 539 2338 in
564 2285 705 2336 arenam
729 2263 938 2338 descendere
962 2285 1032 2337 non
1056 2265 1224 2340 recusant

281 2361 465 2435 Camurium
485 2359 564 2437 sane
587 2363 681 2460 ajunt
702 2361 891 2460 fignificare
915 2362 1048 2451 locum,
1072 2363 1129 2436 ubi
1154 2362 1225 2438 offa

275 2479 492 2534 mortuorum
509 2481 701 2557 ponuntur,
718 2461 820 2560 idque
842 2479 916 2534 turn
942 2483 962 2532 a
983 2482 1073 2534 voce
1091 2462 1226 2536 Gallica

278 2561 448 2649 Choruier,
464 2559 559 2635 idem
577 2560 808 2659 fignificanre,
825 2579 899 2633 rum
914 2575 935 2632 e
951 2558 1055 2633 variis
1080 2556 1224 2656 scripto

271 2678 351 2732 rum
366 2656 474 2746 locis,
496 2679 569 2755 quae
593 2655 742 2755 collegit·
761 2657 822 2730 Du
839 2657 958 2753 Gange
976 2657 1010 2730 in
1028 2656 1223 2740 Gloss'arim

277 2750 504 2830 demonstrari
534 2752 628 2849 posse
661 2774 792 2852 putant.
841 2753 1006 2830 Nesciunt
1031 2753 1086 2829 isti
1109 2751 1221 2830 homi

139 2877 141 2882 ’
272 2853 485 2950 nes,'puto,
512 2855 691 2927 contorium
724 2851 793 2926 dici
825 2851 1050 2950 totumquo
1082 2877 1220 2946 carneo,
1326 2923 1341 2938 x

273 2951 346 3029 srv'e
369 2951 486 3045 ricco,
511 2951 582 3024 srve
604 2949 702 3024 runo
727 2950 916 3040 induratae,
941 2950 977 3024 in
1002 2949 1096 3026 usum
1119 2971 1219 3050 repo

162 3044 169 3066 '
272 3068 414 3140 nontur,
438 3067 478 3124 ut
500 3065 598 3146 patet
624 3071 670 3123 ex
695 3046 836 3140 Plauto,
859 3051 956 3147 cujus
973 3046 1087 3124 locum
1102 3053 1217 3126 obser·

271 3149 402 3225 vationi
420 3145 488 3222 suae
506 3145 679 3246 adscripsit
694 3146 842 3222 eximius
867 3149 1097 3224 Burmannus.
1147 3151 1220 3224 Au·

272 3249 345 3324 dite
369 3269 460 3332 nunc
483 3247 532 3322 dr
549 3246 631 3320 πάνυ
657 3247 693 3321 in
710 3246 833 3320 eadem
859 3243 1024 3321 Echionis
1048 3251 1155 3322 verba
1169 3250 1218 3322 ita

271 3353 583 3424 commentantem:
621 3397 644 3436 „
667 3345 747 3419 Non
779 3363 950 3419 mutarem
978 3345 1050 3418 hic:
1068 3348 1215 3445 aliquid,

148 3504 155 3520 .
194 3543 197 3550 ι
268 3497 297 3544 ,,
322 3442 382 3518 sed
397 3466 561 3542 caperem
577 3444 623 3520 de
637 3444 817 3538 machina,
831 3467 904 3546 que
919 3441 1038 3521 ereda
1050 3442 1086 3521 iu
1098 3443 1216 3520 media
1237 3499 1238 3502 κ

1058 3593 1086 3638 2,
1109 3565 1215 3622 arena
