2864 4332
256 423 261 518 ξ
290 431 351 502 trit
364 435 407 504 'in
429 433 533 504 illr'rts'
545 427 648 523 fitam
674 432 859 504 donandum
888 481 900 520 ,
924 455 978 510 nec
998 457 1134 530 unquam
1143 436 1246 535 fefel-
1351 441 1355 449 “

279 527 463 626 'erassum
515 527 687 602 Homines
713 552 782 601 non
807 529 886 604 mali
911 531 1071 626 quidem,
1098 534 1247 633 sedqui-

293 631 359 702 ,bus
381 626 630 706 acumen·,illud
652 625 817 701 Criticum
839 626 964 726 deest,
988 653 1149 725 putarent
1165 635 1247 724 sese,

292 713 512 798 diffinitione
537 743 669 797 mutata
690 776 709 816 „
735 723 866 798 sensum
890 724 1030 802 istorum
1057 723 1242 805 verborum
1306 756 1309 767 ’

291 821 390 919 poffe
406 821 622 918 exsculpere,
641 841 741 919 atque
750 824 799 898 ita
808 824 1130 920 interpretarentur:
1158 880 1183 921 „
1210 832 1245 904 Si

281 949 320 1016 ·3‚
347 920 429 1018 quid
454 924 497 994 ab
523 922 576 994 illa
600 921 705 1018 petii,
730 921 769 994 id·
784 940 954 1018 nunquam
976 925 1058 996 mihi
1078 948 1242 1024 negatum

293 1073 320 1113 „
343 1017 418 1092 suit.
465 1018 510 1104 Si'
526 1039 684 1116 peterem
710 1017 813 1092 assem
844 1071 856 1112 ,
892 1039 949 1106 aut
973 1020 1165 1118 semissem,
1189 1027 1243 1100 iila

294 1145 316 1208 ·,,
343 1117 451 1191 dedit.
495 1119 543 1192 ·1n
565 1117 650 1192 illius
674 1116 818 1190 srnumsr
844 1119 979 1213 quando
1002 1144 1140 1194 manum
1156 1123 1243 1197 inse-

293 1266 320 1308 „
341 1239 418 1290 rere
443 1216 604 1290 volebam
620 1270 633 1307 ,
648 1215 894 1308 demandavi,
919 1239 988 1293 non
1015 1223 1239 1318 repugnavit,

292 1338 405 1405 „nec
429 1323 577 1408 unquam
596 1311 716 1388 fefellit
733 1337 790 1386 me
811 1313 843 1386 ”.
893 1315 1033 1391 Scilicet
1055 1317 1115 1390 illis
1143 1321 1239 1393 ride-

275 1431 385 1486 retur
399 1415 432 1484 in
455 1413 542 1484 illius.
574 1436 660 1486 muru
679 1410 747 1484 dici
762 1435 825 1505 per
844 1413 1078 1508 aposropesrn‚
1102 1415 1173 1490 srve
1186 1442 1238 1490 re-

173 1554 177 1561 ,
289 1510 490 1600 tic'entiam,
515 1511 605 1606 quast
624 1508 757 1584 dixiss'et
783 1509 951 1584 Niceros:
977 1511 1154 1610 siquando
1174 1539 1235 1588 vo·

211 1639 220 1643 ·
288 1610 403 1682 lebam
420 1631 560 1680 manum
585 1607 630 1682 illi
656 1609 691 1681 in
719 1609 825 1680 srnum
849 1607 1024 1700 inserere,
1050 1610 1085 1684 id
1103 1610 1239 1708 semper

289 1705 547 1780 concedebatur
568 1704 681 1795 mihi,
705 1705 812 1778 modo
829 1708 972 1803 rogandi
992 1709 1143 1784 laborem
1168 1735 1235 1786 non

241 1873 244 1897 ,
286 1800 526 1880 detreerarem.
565 1804 682 1881 ‚Nam
721 1805 876 1880 cadentis
908 1806 1106 1880 Latinitatis
1137 1833 1206 1894 vox
1220 1861 1235 1900 ,

88 1885 90 1892 ,
206 1921 212 1930 ·
286 1903 478 2002 cujusmodi
510 1903 624 1977 multae
667 1901 741 1974 sunt
777 1903 811 1974 in
848 1901 1019 1980 Nicerotis
1056 1905 1235 1999 sermone,

286 2003 441 2077 censetur
463 2001 525 2075 illis
550 2001 734 2074 demandare
758 2024 823 2096 pro
845 2000 1013 2094 poscere,
1039 2003 1110 2076 sive
1136 2029 1234 2102 roga.
1316 2017 1325 2030 ‘
1408 2100 1411 2108 ¹

283 2124 354 2189 re,
387 2100 480 2173 unde
505 2118 620 2173 ortum
651 2096 703 2172 est
728 2099 900 2196 Gallicum
925 2101 1086 2174 dernunder
1109 2106 1233 2178 eadem

283 2197 566 2296 fignificatione,
601 2219 742 2293 qunque
775 2192 883 2268 exstat
910 2199 998 2292 apud
1023 2200 1231 2276 Toletanum

283 2297 328 2368 de
351 2293 472 2370 Rebus
497 2294 595 2390 Hisp.
623 2296 752 2366 citante
777 2292 834 2364 Du
859 2297 997 2392 Gange:
1030 2297 1094 2369 Per
1118 2301 1235 2396 legator

275 2392 406 2490 patefiet
430 2395 653 2481 demorrdom't,
685 2408 720 2464 ut
745 2394 891 2466 recederat
917 2419 938 2466 tt
954 2393 1073 2490 finibus
1097 2399 1231 2489 alienis,

279 2491 349 2568 &c
397 2493 554 2566 Alterum
569 2492 648 2566 iliud
673 2494 706 2562 in
731 2488 933 2582 ilt'iusfinurrt
957 2511 1079 2587 putant
1102 2496 1230 2588 reperi-

278 2591 307 2664 ri
328 2590 418 2686 apud
434 2589 640 2665 Terentium
657 2589 692 2660 in
712 2589 842 2660 Heaut.
855 2589 931 2660 Ast.
950 2591 1008 2676 Its,
1027 2589 1071 2662 sc.
1089 2615 1120 2686 3.
1133 2617 1182 2674 trs.
1194 2617 1245 2668 2„

198 2747 216 2774 ,.
276 2689 385 2761 Vr'dt'n'
409 2712 464 2784 ego
489 2691 574 2760 modo
598 2702 627 2759 te
650 2710 777 2758 murrum
808 2686 841 2756 in
864 2683 973 2777 finum
996 2691 1073 2760 huic'
1091 2696 1229 2764 meretri-

203 2803 206 2811 ’
276 2789 306 2859 ci
330 2783 489 2882 inserere?
507 2784 611 2876 ‚Quid
632 2803 753 2856 autem,
768 2783 872 2854 habet
896 2783 957 2857 isia
981 2786 1229 2882 interpretatio,

275 2907 344 2982 quo
368 2882 405 2956 se
431 2881 680 2956 commendet?
706 2880 829 2954 Melius
853 2880 938 2955 facit
961 2881 1029 2956 hoc
1054 2887 1131 2957 loco
1149 2911 1229 2960 acu-

274 2985 413 3060 tissimus
437 2981 677 3070 Burmannus,
703 2979 759 3076 qui
776 2981 892 3056 locum
911 2983 1058 3055 mutavit
1081 2985 1224 3068 leviter,

154 3111 157 3116 ·
271 3102 312 3158 ut
328 3081 515 3157 eundeme
534 3079 643 3153 divite
659 3077 982 3174 penu&literarum
1002 3082 1132 3155 arcanis
1150 3084 1226 3178 pos-

269 3179 536 3268 set·illustrare,
560 3177 629 3251 hoc
653 3178 787 3252 modo:
816 3227 840 3268 „
866 3177 1018 3251 Laborat
1037 3179 1132 3252 locus
1148 3205 1245 3275 pru··

268 3336 292 3373 „
315 3301 361 3352 va
386 3275 627 3352 distinetione:
683 3277 780 3371 Lege
808 3303 817 3349 :
853 3299 1009 3370 nunquam
1031 3279 1245 3376 mihine-ga·-

270 3419 294 3473 „
319 3392 408 3468 tumr
423 3375 509 3474 fecit
531 3373 627 3475 offam
644 3427 658 3472 ,
678 3371 763 3473 semi
787 3397 835 3448 em
860 3377 962 3450 habui.
1013 3376 1050 3451 si
1068 3399 1241 3473 caupona,

463 3493 466 3502 ’
1118 3531 1141 3566 ,,
1166 3479 1222 3554 illa
