2864 4332
717 362 844 462 (ιι)

302 447 487 585 „Petrum
513 511 544 563 c.
573 487 667 564 Xl.''
711 487 820 561 'Abite
846 513 979 579 nunc,
1013 487 1052 566 δι
1081 494 1244 590 querimi

302 545 368 686 iii,
392 614 455 664 vor
470 585 602 662 nescire
620 610 694 683 quae
709 589 819 658 nullior
855 611 920 660 tcta
935 585 1085 679 dicatur,
1110 614 1191 676 cnm
1206 595 1282 668 id

300 686 579 793 tarndiligenter
602 709 664 760 vos
694 683 854 760 docuerit
877 682 1015 759 istarum
1040 645 1241 812 ddliciarum

299 785 586 882 promuscoodus!

205 877 208 894 ’
347 880 430 993 Pag.
461 889 540 978 165.
574 882 788 957 Burmannus
811 880 971 956 Terentii
1009 877 1134 962 locum
1148 908 1240 962 nova

298 979 528 1076 explicatione
552 979 684 1068 donat,
702 1001 822 1074 quam
852 975 995 1053 minime
1029 1003 1163 1078 aequum
1188 985 1286 1058 eli

295 1078 519 1192 pretermitti
571 1075 710 1152 Scilicet
723 1074 903 1186 postquam
924 1077 1089 1151 docuerat
1105 1078 1234 1170 servos,

296 1198 355 1273 qur
344 1173 467 1289 alapa
480 1194 579 1252 erant
595 1173 818 1262 manumissi,
811 1197 845 1245 m
859 1174 1057 1249 servitutem
1098 1176 1166 1248 olle
1182 1203 1235 1250 re

296 1273 443 1364 vocari,
476 1274 536 1347 nisi
565 1270 716 1346 vindicta
747 1271 958 1360 acceffillet,
983 1273 1093 1347 adfert
1123 1277 1234 1348 locum

275 1326 481 1461 Terentii,
507 1368 670 1443 efabula
699 1366 826 1441 scilicet
864 1389 900 1442 to
945 1391 1005 1461 ta,
1031 1391 1065 1442 at
1089 1395 1131 1444 ue
1153 1373 1234 1448 ideo

294 1469 400 1582 apuu
390 1489 459 1541 ma
477 1468 559 1540 ιιι
544 1491 600 1564 Jus
626 1459 787 1539 Latinum
813 1469 1061 1563 explicandum.
1112 1471 1235 1545 Adfert

292 1565 406 1738 igitur
411 1588 433 1637 e
447 1566 591 1640 Terent
607 1562 753 1658 Adelph
771 1564 826 1654 V,
843 1590 879 1656 9.
906 1569 981 1663 Syre
1003 1569 1105 1639 accede
1120 1571 1163 1640 ad
1176 1595 1233 1644 me.

293 1661 455 1762 labemuslo
480 1660 583 1736 SYR.
602 1664 684 1733 Bene
688 1659 788 1756 facts
821 1665 972 1736 Omnibus
988 1668 1128 1759 gratiam
1142 1668 1236 1742 habeo

291 1757 335 1844 ξι
348 1757 494 1856 seorfim.
502 1762 558 1848 tini
573 1761 703 1832 Demea.
763 1759 882 1832 Dum.
897 1763 1060 1838 Gaudeo
1074 1761 1229 1841 AESCH.

288 1861 337 1936 Et
364 1884 441 1954 ego.
482 1841 584 1933 SYR.
648 1858 747 1929 Credo.
802 1860 933 1930 Utinam
964 1875 1140 1955 perpetuum
1140 1863 1266 1970 fiat

131 1959 150 2018 .'
190 2012 193 2021 .
285 1958 445 2056 goudium.
496 1955 642 2068 Atque'
632 1975 680 2029 rto
706 1953 918 2050 explicam„
936 1957 972 2028 ld
992 1957 1073 2043 est,
1101 1957 1229 2038 utinam

286 2101 312 2148 ‚,
326 2078 428 2152 quem
455 2075 545 2126 nunc
559 2053 647 2126 inter
662 2052 791 2126 amicos
819 2054 1057 2164 manumittis,
1066 2054 1231 2134 vindicta

284 2151 516 2244 „lineres'fi
575 2149 670 2224 Talis
702 2151 884 2245 explicatio
916 2150 1046 2224 nemini
1081 2175 1227 2261 unquam

284 2248 496 2348 paedagogo
488 2271 523 2319 ιιι
538 2268 694 2319 mentem
711 2247 829 2319 tenire
857 2245 1049 2343 potuillet‚
1075 2274 1129 2345 qui
1147 2277 1228 2330 cum

287 2346 379 2446 apud
402 2343 609 2420 Terentium
642 2346 775 2442 legant:
877 2411 879 2418 ,

383 2547 385 2554 ’
457 2559 463 2568 ”
554 2541 655 2618 SYR.
683 2544 852 2613 Credet
817 2547 939 2615 utinam
967 2561 1147 2658 perpetuum
1163 2549 1226 2644 fiat

513 2701 518 2708 .
667 2640 844 2731 gandium,

291 2739 507 2833 Phrygiam
539 2721 574 2810 ιιι
598 2757 724 2806 uxorem
738 2759 847 2806 meum
879 2761 943 2808 uno
964 2763 1079 2811 mecum
1104 2739 1259 2824 videam}

272 2874 275 2883 ·
385 2836 595 2956 liberum,

271 3028 373 3110 ‘adeo
390 3027 515 3105 stolidi
531 2973 638 3119 sunt,
664 3048 703 3103 ut
717 3033 840 3127 Syrum
862 3051 984 3124 putent
1009 3030 1059 3103 id
1080 3031 1224 3120 dicere,

161 3129 170 3218 ’,
306 3127 445 3204 audium
461 3128 521 3203 sibi
537 3085 678 3202 soliddm
696 3148 797 3226 atque
815 3150 1023 3240 perpetuum
1039 3127 1208 3201 futurum
1208 3181 1221 3220 ,

281 3153 306 3300 R
293 3225 536 3343 tPhrygiam,
561 3251 705 3300 uxorem
722 3227 834 3314 suam,
861 3226 966 3300 etiam
981 3227 1139 3301 libertate
1158 3227 1222 3299 do·

280 3343 397 3398 natam
413 3327 542 3402 videat.
566 3323 744 3414 Posthac,
761 3323 999 3422 fisapiunt,
989 3346 1024 3396 m
1039 3325 1224 3435 praelegen·

270 3419 328 3496 'do
355 3421 561 3500 Terentium
587 3379 778 3520 discipulis,
802 3423 986 3528 sequentur
1019 3413 1223 3532 explicatio-

1140 3543 1222 3594 nem

901 1395 944 1468 τι

1407 1015 1410 1102 l
