<?xml version="1.0" encoding="UTF-8"?>
<!DOCTYPE html PUBLIC "-//W3C//DTD XHTML 1.0 Transitional//EN"
    "http://www.w3.org/TR/xhtml1/DTD/xhtml1-transitional.dtd">
<html xmlns="http://www.w3.org/1999/xhtml" xml:lang="en" lang="en">
 <head>
  <title>
</title>
<meta http-equiv="Content-Type" content="text/html;charset=utf-8" />
  <meta name='ocr-system' content='tesseract 3.04.00' />
  <meta name='ocr-capabilities' content='ocr_page ocr_carea ocr_par ocr_line ocrx_word'/>
</head>
<body>
  <div class='ocr_page' id='page_1' title='image "./chrestomathiape00verbgoog_0042.png"; bbox 0 0 2864 4332; ppageno 0'>
   <div class='ocr_carea' id='block_1_1' title="bbox 642 389 772 490">
    <p class='ocr_par' dir='ltr' id='par_1_1' title="bbox 642 389 772 490">
     <span class='ocr_line' id='line_1_1' title="bbox 642 389 772 490; baseline -0.062 0"><span class='ocrx_word' id='word_1_1' title='bbox 642 389 772 490; x_wconf 83' lang='lat'>(37)</span> 
     </span>
    </p>
   </div>
   <div class='ocr_carea' id='block_1_2' title="bbox 174 493 1252 3642">
    <p class='ocr_par' dir='ltr' id='par_1_2' title="bbox 229 493 1244 2047">
     <span class='ocr_line' id='line_1_2' title="bbox 230 493 1185 581; baseline -0.006 -1"><span class='ocrx_word' id='word_1_2' title='bbox 230 493 359 581; x_wconf 69' lang='lat' dir='ltr'>mln&#39;e‘m</span> <span class='ocrx_word' id='word_1_3' title='bbox 376 505 542 580; x_wconf 87' lang='lat' dir='ltr'>nominat.</span> <span class='ocrx_word' id='word_1_4' title='bbox 591 503 785 580; x_wconf 78' lang='lat' dir='ltr'>Praesertim</span> <span class='ocrx_word' id='word_1_5' title='bbox 804 503 923 580; x_wconf 84' lang='lat' dir='ltr'>tamen</span> <span class='ocrx_word' id='word_1_6' title='bbox 942 503 1069 580; x_wconf 84' lang='lat' dir='ltr'>refutat</span> <span class='ocrx_word' id='word_1_7' title='bbox 1085 503 1185 577; x_wconf 82' lang='lat' dir='ltr'>Lau-</span> 
     </span>
     <span class='ocr_line' id='line_1_3' title="bbox 231 599 1216 702; baseline -0.008 -23"><span class='ocrx_word' id='word_1_8' title='bbox 231 608 378 679; x_wconf 85' lang='lat' dir='ltr'>rentium</span> <span class='ocrx_word' id='word_1_9' title='bbox 412 602 642 702; x_wconf 75' lang='lat' dir='ltr'>pignorium,</span> <span class='ocrx_word' id='word_1_10' title='bbox 659 605 732 701; x_wconf 65' lang='lat' dir='ltr'>xqui</span> <span class='ocrx_word' id='word_1_11' title='bbox 763 603 799 677; x_wconf 93' lang='lat' dir='ltr'>in</span> <span class='ocrx_word' id='word_1_12' title='bbox 833 609 955 702; x_wconf 87' lang='lat' dir='ltr'>Opere</span> <span class='ocrx_word' id='word_1_13' title='bbox 987 603 1044 702; x_wconf 85' lang='lat' dir='ltr'>de·</span> <span class='ocrx_word' id='word_1_14' title='bbox 1064 599 1180 678; x_wconf 83' lang='lat' dir='ltr'>Servis</span> <span class='ocrx_word' id='word_1_15' title='bbox 1215 643 1216 646; x_wconf 17' lang='grc' dir='ltr'>π</span> 
     </span>
     <span class='ocr_line' id='line_1_4' title="bbox 231 697 1179 797; baseline -0.006 -19"><span class='ocrx_word' id='word_1_16' title='bbox 231 703 268 778; x_wconf 88' lang='lat'>&amp;</span> <span class='ocrx_word' id='word_1_17' title='bbox 301 727 420 778; x_wconf 86' lang='lat' dir='ltr'>eorum</span> <span class='ocrx_word' id='word_1_18' title='bbox 454 704 543 797; x_wconf 86' lang='lat' dir='ltr'>apud</span> <span class='ocrx_word' id='word_1_19' title='bbox 572 720 711 787; x_wconf 80' lang='lat' dir='ltr'>veteres</span> <span class='ocrx_word' id='word_1_20' title='bbox 736 699 929 789; x_wconf 81' lang='lat' dir='ltr'>ministeriis</span> <span class='ocrx_word' id='word_1_21' title='bbox 962 697 1179 796; x_wconf 75' lang='lat' dir='ltr'>inscripsit:</span> 
     </span>
     <span class='ocr_line' id='line_1_5' title="bbox 230 795 1226 892; baseline -0.005 -19"><span class='ocrx_word' id='word_1_22' title='bbox 230 847 253 892; x_wconf 83' lang='lat'>,‚</span> <span class='ocrx_word' id='word_1_23' title='bbox 276 799 418 886; x_wconf 78' lang='lat' dir='ltr'>Vestem</span> <span class='ocrx_word' id='word_1_24' title='bbox 438 809 601 873; x_wconf 86' lang='lat' dir='ltr'>curabant</span> <span class='ocrx_word' id='word_1_25' title='bbox 618 795 775 874; x_wconf 74' lang='lat' dir='ltr'>vestiarii.</span> <span class='ocrx_word' id='word_1_26' title='bbox 802 825 805 830; x_wconf 78' lang='grc'>’</span> <span class='ocrx_word' id='word_1_27' title='bbox 829 797 1044 875; x_wconf 81' lang='lat' dir='ltr'>Vestimenta</span> <span class='ocrx_word' id='word_1_28' title='bbox 1062 817 1179 874; x_wconf 82' lang='lat' dir='ltr'>autern</span> <span class='ocrx_word' id='word_1_29' title='bbox 1222 823 1226 852; x_wconf 65' lang='lat' dir='ltr'>i</span> 
     </span>
     <span class='ocr_line' id='line_1_6' title="bbox 229 887 1180 992; baseline -0.005 -20"><span class='ocrx_word' id='word_1_30' title='bbox 229 949 257 990; x_wconf 91' lang='lat'>„</span> <span class='ocrx_word' id='word_1_31' title='bbox 275 887 379 972; x_wconf 59' lang='lat' dir='ltr'>{rant</span> <span class='ocrx_word' id='word_1_32' title='bbox 397 897 610 987; x_wconf 82' lang='lat' dir='ltr'>tricliniaria,</span> <span class='ocrx_word' id='word_1_33' title='bbox 639 895 769 990; x_wconf 85' lang='lat' dir='ltr'>virilia,</span> <span class='ocrx_word' id='word_1_34' title='bbox 795 897 956 992; x_wconf 88' lang='lat' dir='ltr'>puerilia,</span> <span class='ocrx_word' id='word_1_35' title='bbox 981 896 1085 974; x_wconf 90' lang='lat' dir='ltr'>&amp;c”.</span> <span class='ocrx_word' id='word_1_36' title='bbox 1110 891 1180 968; x_wconf 87' lang='lat' dir='ltr'>Alii</span> 
     </span>
     <span class='ocr_line' id='line_1_7' title="bbox 233 991 1178 1096; baseline -0.004 -26"><span class='ocrx_word' id='word_1_37' title='bbox 233 1017 438 1094; x_wconf 86' lang='lat' dir='ltr'>putaverunt</span> <span class='ocrx_word' id='word_1_38' title='bbox 469 995 632 1094; x_wconf 75' lang='lat' dir='ltr'>vesliooios</span> <span class='ocrx_word' id='word_1_39' title='bbox 672 1017 838 1091; x_wconf 82' lang='lat' dir='ltr'>praeterea</span> <span class='ocrx_word' id='word_1_40' title='bbox 873 995 942 1069; x_wconf 91' lang='lat' dir='ltr'>dici</span> <span class='ocrx_word' id='word_1_41' title='bbox 974 994 1031 1096; x_wconf 92' lang='lat' dir='ltr'>qui</span> <span class='ocrx_word' id='word_1_42' title='bbox 1044 991 1178 1070; x_wconf 66' lang='lat' dir='ltr'>:velles</span> 
     </span>
     <span class='ocr_line' id='line_1_8' title="bbox 234 1091 1180 1196; baseline -0.004 -29"><span class='ocrx_word' id='word_1_43' title='bbox 234 1096 450 1196; x_wconf 82' lang='lat' dir='ltr'>vendebant,</span> <span class='ocrx_word' id='word_1_44' title='bbox 476 1094 603 1166; x_wconf 88' lang='lat' dir='ltr'>scilicet</span> <span class='ocrx_word' id='word_1_45' title='bbox 622 1095 696 1192; x_wconf 87' lang='lat' dir='ltr'>jam</span> <span class='ocrx_word' id='word_1_46' title='bbox 723 1092 916 1182; x_wconf 67' lang='lat' dir='ltr'>confessas,</span> <span class='ocrx_word' id='word_1_47' title='bbox 940 1094 1032 1168; x_wconf 90' lang='lat' dir='ltr'>unde</span> <span class='ocrx_word' id='word_1_48' title='bbox 1049 1091 1083 1166; x_wconf 92' lang='lat' dir='ltr'>in</span> <span class='ocrx_word' id='word_1_49' title='bbox 1100 1093 1180 1186; x_wconf 85' lang='lat' dir='ltr'>Jure</span> 
     </span>
     <span class='ocr_line' id='line_1_9' title="bbox 231 1188 1244 1291; baseline -0.005 -25"><span class='ocrx_word' id='word_1_50' title='bbox 231 1195 417 1289; x_wconf 76' lang='lat' dir='ltr'>Negotiator</span> <span class='ocrx_word' id='word_1_51' title='bbox 431 1191 636 1290; x_wconf 72' lang='lat' dir='ltr'>-oosiv‘ooior,</span> <span class='ocrx_word' id='word_1_52' title='bbox 662 1188 700 1264; x_wconf 70' lang='grc' dir='ltr'>ἃ</span> <span class='ocrx_word' id='word_1_53' title='bbox 721 1191 757 1266; x_wconf 90' lang='lat' dir='ltr'>in</span> <span class='ocrx_word' id='word_1_54' title='bbox 774 1191 1049 1287; x_wconf 87' lang='lat' dir='ltr'>Inscriptionibus</span> <span class='ocrx_word' id='word_1_55' title='bbox 1067 1189 1180 1291; x_wconf 84' lang='lat' dir='ltr'>vestio·</span> <span class='ocrx_word' id='word_1_56' title='bbox 1243 1279 1244 1284; x_wconf 6' lang='grc' dir='ltr'><strong>Ἰ</strong></span> 
     </span>
     <span class='ocr_line' id='line_1_10' title="bbox 232 1287 1181 1387; baseline -0.004 -25"><span class='ocrx_word' id='word_1_57' title='bbox 232 1294 297 1363; x_wconf 86' lang='lat' dir='ltr'>rios</span> <span class='ocrx_word' id='word_1_58' title='bbox 323 1295 492 1364; x_wconf 83' lang='lat' dir='ltr'>tenuiorios</span> <span class='ocrx_word' id='word_1_59' title='bbox 518 1291 596 1387; x_wconf 86' lang='lat' dir='ltr'>(qui</span> <span class='ocrx_word' id='word_1_60' title='bbox 622 1290 749 1363; x_wconf 83' lang='lat' dir='ltr'>scilicet</span> <span class='ocrx_word' id='word_1_61' title='bbox 762 1288 931 1364; x_wconf 83' lang='lat' dir='ltr'>tenuioris</span> <span class='ocrx_word' id='word_1_62' title='bbox 957 1287 1102 1363; x_wconf 86' lang='lat' dir='ltr'>fortunae</span> <span class='ocrx_word' id='word_1_63' title='bbox 1120 1287 1181 1359; x_wconf 90' lang='lat' dir='ltr'>ho·</span> 
     </span>
     <span class='ocr_line' id='line_1_11' title="bbox 238 1385 1182 1486; baseline -0.002 -26"><span class='ocrx_word' id='word_1_64' title='bbox 238 1389 383 1464; x_wconf 84' lang='lat' dir='ltr'>minibus</span> <span class='ocrx_word' id='word_1_65' title='bbox 405 1390 578 1463; x_wconf 85' lang='lat' dir='ltr'>vendebat</span> <span class='ocrx_word' id='word_1_66' title='bbox 596 1387 708 1461; x_wconf 86' lang='lat' dir='ltr'>velles</span> <span class='ocrx_word' id='word_1_67' title='bbox 726 1387 783 1460; x_wconf 88' lang='lat' dir='ltr'>usu</span> <span class='ocrx_word' id='word_1_68' title='bbox 796 1391 869 1486; x_wconf 88' lang='lat' dir='ltr'>jam</span> <span class='ocrx_word' id='word_1_69' title='bbox 887 1387 1057 1484; x_wconf 87' lang='lat' dir='ltr'>paululum</span> <span class='ocrx_word' id='word_1_70' title='bbox 1076 1385 1182 1460; x_wconf 89' lang='lat' dir='ltr'>adtri-</span> 
     </span>
     <span class='ocr_line' id='line_1_12' title="bbox 233 1483 1180 1586; baseline -0.004 -26"><span class='ocrx_word' id='word_1_71' title='bbox 233 1486 309 1585; x_wconf 73' lang='lat' dir='ltr'>tas)</span> <span class='ocrx_word' id='word_1_72' title='bbox 332 1505 525 1562; x_wconf 90' lang='lat' dir='ltr'>occurrunt.</span> <span class='ocrx_word' id='word_1_73' title='bbox 558 1485 746 1586; x_wconf 84' lang='lat' dir='ltr'>Vestiorios,</span> <span class='ocrx_word' id='word_1_74' title='bbox 771 1486 828 1586; x_wconf 91' lang='lat' dir='ltr'>qui</span> <span class='ocrx_word' id='word_1_75' title='bbox 848 1483 961 1562; x_wconf 88' lang='lat' dir='ltr'>vestes</span> <span class='ocrx_word' id='word_1_76' title='bbox 977 1484 1180 1572; x_wconf 88' lang='lat' dir='ltr'>conficiant,</span> 
     </span>
     <span class='ocr_line' id='line_1_13' title="bbox 234 1584 1180 1684; baseline -0.001 -28"><span class='ocrx_word' id='word_1_77' title='bbox 234 1606 314 1659; x_wconf 88' lang='lat' dir='ltr'>ante</span> <span class='ocrx_word' id='word_1_78' title='bbox 330 1587 562 1660; x_wconf 89' lang='lat' dir='ltr'>Burmannum</span> <span class='ocrx_word' id='word_1_79' title='bbox 585 1587 671 1658; x_wconf 81' lang='lat' dir='ltr'>uixit</span> <span class='ocrx_word' id='word_1_80' title='bbox 694 1607 799 1657; x_wconf 87' lang='lat' dir='ltr'>nemo</span> <span class='ocrx_word' id='word_1_81' title='bbox 814 1609 838 1678; x_wconf 79' lang='lat'>3·</span> <span class='ocrx_word' id='word_1_82' title='bbox 853 1605 890 1658; x_wconf 90' lang='lat' dir='ltr'>ut</span> <span class='ocrx_word' id='word_1_83' title='bbox 914 1605 982 1658; x_wconf 89' lang='lat' dir='ltr'>nec</span> <span class='ocrx_word' id='word_1_84' title='bbox 1007 1584 1180 1684; x_wconf 84' lang='lat' dir='ltr'>quisquam</span> 
     </span>
     <span class='ocr_line' id='line_1_14' title="bbox 235 1679 1183 1781; baseline -0.005 -25"><span class='ocrx_word' id='word_1_85' title='bbox 235 1683 316 1772; x_wconf 86' lang='lat' dir='ltr'>luit,</span> <span class='ocrx_word' id='word_1_86' title='bbox 341 1683 397 1781; x_wconf 90' lang='lat' dir='ltr'>qui</span> <span class='ocrx_word' id='word_1_87' title='bbox 424 1683 618 1757; x_wconf 88' lang='lat' dir='ltr'>adfirmavit</span> <span class='ocrx_word' id='word_1_88' title='bbox 640 1679 831 1780; x_wconf 81' lang='lat' dir='ltr'>Luxuriosor</span> <span class='ocrx_word' id='word_1_89' title='bbox 857 1685 994 1756; x_wconf 83' lang='lat' dir='ltr'>orexime</span> <span class='ocrx_word' id='word_1_90' title='bbox 1013 1679 1183 1778; x_wconf 78' lang='lat' dir='ltr'>feruentia</span> 
     </span>
     <span class='ocr_line' id='line_1_15' title="bbox 234 1775 1181 1874; baseline -0.001 -23"><span class='ocrx_word' id='word_1_91' title='bbox 234 1783 344 1852; x_wconf 85' lang='lat' dir='ltr'>balneo</span> <span class='ocrx_word' id='word_1_92' title='bbox 372 1777 544 1874; x_wconf 66' lang='lat' dir='ltr'>probauiffe</span> <span class='ocrx_word' id='word_1_93' title='bbox 557 1832 570 1868; x_wconf 95' lang='lat'>,</span> <span class='ocrx_word' id='word_1_94' title='bbox 601 1781 691 1874; x_wconf 91' lang='lat' dir='ltr'>quod</span> <span class='ocrx_word' id='word_1_95' title='bbox 717 1781 847 1852; x_wconf 86' lang='lat' dir='ltr'>ibidem</span> <span class='ocrx_word' id='word_1_96' title='bbox 871 1779 925 1853; x_wconf 91' lang='lat' dir='ltr'>vir</span> <span class='ocrx_word' id='word_1_97' title='bbox 947 1775 1181 1854; x_wconf 77' lang='lat' dir='ltr'>eruditissimus</span> 
     </span>
     <span class='ocr_line' id='line_1_16' title="bbox 235 1872 1183 1975; baseline 0 -27"><span class='ocrx_word' id='word_1_98' title='bbox 235 1877 367 1965; x_wconf 91' lang='lat' dir='ltr'>docet,</span> <span class='ocrx_word' id='word_1_99' title='bbox 392 1877 553 1972; x_wconf 90' lang='lat' dir='ltr'>quoniam</span> <span class='ocrx_word' id='word_1_100' title='bbox 584 1875 638 1948; x_wconf 84' lang='lat' dir='ltr'>aui</span> <span class='ocrx_word' id='word_1_101' title='bbox 656 1877 740 1948; x_wconf 85' lang='lat' dir='ltr'>ultra</span> <span class='ocrx_word' id='word_1_102' title='bbox 761 1877 894 1950; x_wconf 79' lang='lat' dir='ltr'>colentia</span> <span class='ocrx_word' id='word_1_103' title='bbox 914 1879 1025 1948; x_wconf 83' lang='lat' dir='ltr'>balneo</span> <span class='ocrx_word' id='word_1_104' title='bbox 1042 1872 1183 1975; x_wconf 81' lang='lat' dir='ltr'>progre-</span> 
     </span>
     <span class='ocr_line' id='line_1_17' title="bbox 237 1973 858 2047; baseline 0.005 -3"><span class='ocrx_word' id='word_1_105' title='bbox 237 1973 274 2045; x_wconf 91' lang='lat' dir='ltr'>di</span> <span class='ocrx_word' id='word_1_106' title='bbox 288 1995 359 2046; x_wconf 88' lang='lat' dir='ltr'>non</span> <span class='ocrx_word' id='word_1_107' title='bbox 377 1973 513 2046; x_wconf 87' lang='lat' dir='ltr'>fuerunt</span> <span class='ocrx_word' id='word_1_108' title='bbox 532 1973 611 2047; x_wconf 86' lang='lat' dir='ltr'>auli.</span> <span class='ocrx_word' id='word_1_109' title='bbox 855 1984 858 1992; x_wconf 82' lang='grc'><strong>’</strong></span> 
     </span>
    </p>

    <p class='ocr_par' dir='ltr' id='par_1_3' title="bbox 174 2061 1252 3537">
     <span class='ocr_line' id='line_1_18' title="bbox 253 2061 1181 2170; baseline -0.002 -26"><span class='ocrx_word' id='word_1_110' title='bbox 253 2103 262 2118; x_wconf 45' lang='lat'><em>³</em></span> <span class='ocrx_word' id='word_1_111' title='bbox 284 2067 367 2170; x_wconf 81' lang='lat' dir='ltr'>Pag.</span> <span class='ocrx_word' id='word_1_112' title='bbox 389 2095 476 2156; x_wconf 59' lang='lat'>191.¹</span> <span class='ocrx_word' id='word_1_113' title='bbox 502 2071 718 2145; x_wconf 87' lang='lat' dir='ltr'>Medicorum</span> <span class='ocrx_word' id='word_1_114' title='bbox 736 2061 1009 2146; x_wconf 79' lang='lat' dir='ltr'>concertatidnes</span> <span class='ocrx_word' id='word_1_115' title='bbox 1028 2068 1120 2144; x_wconf 89' lang='lat' dir='ltr'>circa</span> <span class='ocrx_word' id='word_1_116' title='bbox 1139 2093 1181 2142; x_wconf 86' lang='lat' dir='ltr'>ae·</span> 
     </span>
     <span class='ocr_line' id='line_1_19' title="bbox 235 2167 1182 2268; baseline -0.005 -25"><span class='ocrx_word' id='word_1_117' title='bbox 235 2187 368 2268; x_wconf 87' lang='lat' dir='ltr'>grotos,</span> <span class='ocrx_word' id='word_1_118' title='bbox 394 2171 483 2247; x_wconf 90' lang='lat' dir='ltr'>nullo</span> <span class='ocrx_word' id='word_1_119' title='bbox 507 2169 599 2243; x_wconf 89' lang='lat' dir='ltr'>idem</span> <span class='ocrx_word' id='word_1_120' title='bbox 627 2170 816 2261; x_wconf 84' lang='lat' dir='ltr'>sentiente,</span> <span class='ocrx_word' id='word_1_121' title='bbox 842 2193 886 2242; x_wconf 90' lang='lat' dir='ltr'>ne</span> <span class='ocrx_word' id='word_1_122' title='bbox 904 2169 1080 2264; x_wconf 84' lang='lat' dir='ltr'>videretur</span> <span class='ocrx_word' id='word_1_123' title='bbox 1093 2167 1182 2240; x_wconf 84' lang='lat' dir='ltr'>alte·</span> 
     </span>
     <span class='ocr_line' id='line_1_20' title="bbox 218 2265 1183 2368; baseline -0.006 -22"><span class='ocrx_word' id='word_1_124' title='bbox 218 2269 302 2346; x_wconf 85' lang='lat' dir='ltr'>rius</span> <span class='ocrx_word' id='word_1_125' title='bbox 320 2269 484 2357; x_wconf 85' lang='lat' dir='ltr'>acceffio,</span> <span class='ocrx_word' id='word_1_126' title='bbox 507 2268 645 2368; x_wconf 84' lang='lat' dir='ltr'>egregie</span> <span class='ocrx_word' id='word_1_127' title='bbox 663 2269 836 2366; x_wconf 77' lang='lat' dir='ltr'>descripsit</span> <span class='ocrx_word' id='word_1_128' title='bbox 861 2287 955 2342; x_wconf 90' lang='lat' dir='ltr'>certe</span> <span class='ocrx_word' id='word_1_129' title='bbox 969 2268 1043 2363; x_wconf 88' lang='lat' dir='ltr'>jam</span> <span class='ocrx_word' id='word_1_130' title='bbox 1061 2265 1118 2341; x_wconf 92' lang='lat' dir='ltr'>sua</span> <span class='ocrx_word' id='word_1_131' title='bbox 1139 2290 1183 2340; x_wconf 85' lang='lat' dir='ltr'>ae-</span> 
     </span>
     <span class='ocr_line' id='line_1_21' title="bbox 235 2361 1252 2464; baseline -0.001 -23"><span class='ocrx_word' id='word_1_132' title='bbox 235 2386 307 2441; x_wconf 91' lang='lat' dir='ltr'>tate</span> <span class='ocrx_word' id='word_1_133' title='bbox 326 2365 482 2456; x_wconf 85' lang='lat' dir='ltr'>Plinius,</span> <span class='ocrx_word' id='word_1_134' title='bbox 508 2390 632 2464; x_wconf 88' lang='lat' dir='ltr'>easque</span> <span class='ocrx_word' id='word_1_135' title='bbox 659 2366 695 2440; x_wconf 94' lang='lat' dir='ltr'>in</span> <span class='ocrx_word' id='word_1_136' title='bbox 719 2367 856 2439; x_wconf 88' lang='lat' dir='ltr'>scenam</span> <span class='ocrx_word' id='word_1_137' title='bbox 882 2365 1032 2440; x_wconf 80' lang='lat' dir='ltr'>traduxit</span> <span class='ocrx_word' id='word_1_138' title='bbox 1056 2364 1180 2440; x_wconf 75' lang='lat' dir='ltr'>More·</span> <span class='ocrx_word' id='word_1_139' title='bbox 1249 2361 1252 2366; x_wconf 52' lang='lat'><em>⁷</em></span> 
     </span>
     <span class='ocr_line' id='line_1_22' title="bbox 234 2462 1183 2560; baseline -0.003 -22"><span class='ocrx_word' id='word_1_140' title='bbox 234 2465 311 2540; x_wconf 90' lang='lat' dir='ltr'>rius.</span> <span class='ocrx_word' id='word_1_141' title='bbox 363 2463 475 2540; x_wconf 74' lang='lat' dir='ltr'>Recte</span> <span class='ocrx_word' id='word_1_142' title='bbox 501 2463 537 2539; x_wconf 92' lang='lat' dir='ltr'>id</span> <span class='ocrx_word' id='word_1_143' title='bbox 561 2463 756 2539; x_wconf 85' lang='lat' dir='ltr'>observavit</span> <span class='ocrx_word' id='word_1_144' title='bbox 779 2465 1019 2551; x_wconf 86' lang='lat' dir='ltr'>Burmannus,</span> <span class='ocrx_word' id='word_1_145' title='bbox 1052 2462 1109 2560; x_wconf 88' lang='lat' dir='ltr'>qui</span> <span class='ocrx_word' id='word_1_146' title='bbox 1132 2481 1183 2536; x_wconf 88' lang='lat' dir='ltr'>ta-</span> 
     </span>
     <span class='ocr_line' id='line_1_23' title="bbox 235 2555 1221 2660; baseline -0.002 -24"><span class='ocrx_word' id='word_1_147' title='bbox 235 2587 316 2636; x_wconf 89' lang='lat' dir='ltr'>men</span> <span class='ocrx_word' id='word_1_148' title='bbox 333 2584 411 2636; x_wconf 85' lang='lat' dir='ltr'>cum</span> <span class='ocrx_word' id='word_1_149' title='bbox 429 2563 534 2652; x_wconf 83' lang='lat' dir='ltr'>addat</span> <span class='ocrx_word' id='word_1_150' title='bbox 561 2581 723 2660; x_wconf 83' lang='lat' dir='ltr'>aegrotum</span> <span class='ocrx_word' id='word_1_151' title='bbox 735 2571 737 2574; x_wconf 82' lang='grc'><strong>’</strong></span> <span class='ocrx_word' id='word_1_152' title='bbox 750 2562 784 2636; x_wconf 95' lang='lat' dir='ltr'>in</span> <span class='ocrx_word' id='word_1_153' title='bbox 800 2560 913 2635; x_wconf 81' lang='lat' dir='ltr'>sabula</span> <span class='ocrx_word' id='word_1_154' title='bbox 926 2559 1078 2635; x_wconf 76' lang='lat' dir='ltr'>Molierii</span> <span class='ocrx_word' id='word_1_155' title='bbox 1094 2555 1184 2634; x_wconf 87' lang='lat' dir='ltr'>inte·</span> <span class='ocrx_word' id='word_1_156' title='bbox 1219 2629 1221 2634; x_wconf 83' lang='grc'><strong>,</strong></span> 
     </span>
     <span class='ocr_line' id='line_1_24' title="bbox 234 2657 1224 2756; baseline -0.001 -21"><span class='ocrx_word' id='word_1_157' title='bbox 234 2663 297 2735; x_wconf 90' lang='lat' dir='ltr'>tim</span> <span class='ocrx_word' id='word_1_158' title='bbox 313 2659 446 2756; x_wconf 75' lang='lat' dir='ltr'>periill‘e</span> <span class='ocrx_word' id='word_1_159' title='bbox 459 2693 480 2747; x_wconf 73' lang='lat'>,-</span> <span class='ocrx_word' id='word_1_160' title='bbox 493 2661 605 2736; x_wconf 87' lang='lat' dir='ltr'>videri</span> <span class='ocrx_word' id='word_1_161' title='bbox 626 2663 724 2754; x_wconf 79' lang='lat' dir='ltr'>po&#39;ssrt</span> <span class='ocrx_word' id='word_1_162' title='bbox 737 2662 820 2735; x_wconf 86' lang='lat' dir='ltr'>latus</span> <span class='ocrx_word' id='word_1_163' title='bbox 837 2666 992 2754; x_wconf 53' lang='lat' dir='ltr'>apertum,</span> <span class='ocrx_word' id='word_1_164' title='bbox 1007 2657 1182 2756; x_wconf 79' lang='lat' dir='ltr'>praebuill‘e</span> <span class='ocrx_word' id='word_1_165' title='bbox 1221 2725 1224 2734; x_wconf 87' lang='lat'><strong>.</strong></span> 
     </span>
     <span class='ocr_line' id='line_1_25' title="bbox 233 2757 1182 2855; baseline -0.003 -22"><span class='ocrx_word' id='word_1_166' title='bbox 233 2757 494 2852; x_wconf 74' lang='lat' dir='ltr'>semidodlorum</span> <span class='ocrx_word' id='word_1_167' title='bbox 517 2759 800 2850; x_wconf 79' lang='lat' dir='ltr'>malevolentiae,</span> <span class='ocrx_word' id='word_1_168' title='bbox 834 2757 896 2833; x_wconf 88' lang='lat' dir='ltr'>nisr</span> <span class='ocrx_word' id='word_1_169' title='bbox 933 2761 1078 2854; x_wconf 85' lang='lat' dir='ltr'>probata</span> <span class='ocrx_word' id='word_1_170' title='bbox 1110 2758 1182 2855; x_wconf 85' lang='lat' dir='ltr'>ejus</span> 
     </span>
     <span class='ocr_line' id='line_1_26' title="bbox 179 2856 1181 2953; baseline -0.002 -23"><span class='ocrx_word' id='word_1_171' title='bbox 179 2899 183 2906; x_wconf 93' lang='lat'><em>·</em></span> <span class='ocrx_word' id='word_1_172' title='bbox 234 2859 379 2931; x_wconf 88' lang='lat' dir='ltr'>eruditio</span> <span class='ocrx_word' id='word_1_173' title='bbox 398 2857 570 2953; x_wconf 74' lang='lat' dir='ltr'>prestaret</span> <span class='ocrx_word' id='word_1_174' title='bbox 594 2857 793 2936; x_wconf 87' lang='lat' dir='ltr'>eumnobis</span> <span class='ocrx_word' id='word_1_175' title='bbox 811 2859 853 2929; x_wconf 89' lang='lat' dir='ltr'>ab</span> <span class='ocrx_word' id='word_1_176' title='bbox 879 2856 1037 2930; x_wconf 83' lang='lat' dir='ltr'>omnibus</span> <span class='ocrx_word' id='word_1_177' title='bbox 1060 2857 1181 2929; x_wconf 89' lang='lat' dir='ltr'>errori·</span> 
     </span>
     <span class='ocr_line' id='line_1_27' title="bbox 235 2949 1182 3052; baseline -0.006 -22"><span class='ocrx_word' id='word_1_178' title='bbox 235 2961 298 3030; x_wconf 85' lang='lat' dir='ltr'>bus</span> <span class='ocrx_word' id='word_1_179' title='bbox 333 2955 532 3030; x_wconf 85' lang='lat' dir='ltr'>immunem.</span> <span class='ocrx_word' id='word_1_180' title='bbox 584 2955 788 3052; x_wconf 85' lang='lat' dir='ltr'>Diligentius</span> <span class='ocrx_word' id='word_1_181' title='bbox 822 2954 924 3052; x_wconf 81' lang='lat' dir='ltr'>igitur</span> <span class='ocrx_word' id='word_1_182' title='bbox 954 2952 1096 3028; x_wconf 86' lang='lat' dir='ltr'>nasutuli</span> <span class='ocrx_word' id='word_1_183' title='bbox 1128 2949 1182 3026; x_wconf 83' lang='lat' dir='ltr'>isti</span> 
     </span>
     <span class='ocr_line' id='line_1_28' title="bbox 234 3053 1180 3150; baseline -0.002 -24"><span class='ocrx_word' id='word_1_184' title='bbox 234 3055 350 3150; x_wconf 83' lang='lat' dir='ltr'>legant</span> <span class='ocrx_word' id='word_1_185' title='bbox 378 3053 602 3147; x_wconf 77' lang='lat' dir='ltr'>Molierium,</span> <span class='ocrx_word' id='word_1_186' title='bbox 626 3053 740 3128; x_wconf 87' lang='lat' dir='ltr'>donee</span> <span class='ocrx_word' id='word_1_187' title='bbox 773 3053 961 3150; x_wconf 83' lang='lat' dir='ltr'>intelligent</span> <span class='ocrx_word' id='word_1_188' title='bbox 990 3053 1180 3127; x_wconf 89' lang='lat' dir='ltr'>Commen-</span> 
     </span>
     <span class='ocr_line' id='line_1_29' title="bbox 235 3148 904 3244; baseline -0.006 -20"><span class='ocrx_word' id='word_1_189' title='bbox 235 3169 382 3224; x_wconf 90' lang='lat' dir='ltr'>tatorem</span> <span class='ocrx_word' id='word_1_190' title='bbox 403 3148 557 3244; x_wconf 80' lang='lat' dir='ltr'>Petronii</span> <span class='ocrx_word' id='word_1_191' title='bbox 578 3150 659 3223; x_wconf 92' lang='lat' dir='ltr'>nihil</span> <span class='ocrx_word' id='word_1_192' title='bbox 685 3150 753 3225; x_wconf 83' lang='lat' dir='ltr'>falfi</span> <span class='ocrx_word' id='word_1_193' title='bbox 775 3149 904 3224; x_wconf 77' lang='lat' dir='ltr'>dixisse.</span> 
     </span>
     <span class='ocr_line' id='line_1_30' title="bbox 174 3241 1182 3348; baseline -0.003 -25"><span class='ocrx_word' id='word_1_194' title='bbox 174 3289 179 3299; x_wconf 34' lang='lat' dir='ltr'>x</span> <span class='ocrx_word' id='word_1_195' title='bbox 293 3247 377 3344; x_wconf 86' lang='lat' dir='ltr'>Pag.</span> <span class='ocrx_word' id='word_1_196' title='bbox 407 3272 485 3340; x_wconf 82' lang='lat'><strong>¹94·</strong></span> <span class='ocrx_word' id='word_1_197' title='bbox 526 3247 689 3348; x_wconf 58' lang='lat' dir='ltr'>⁴Molestus</span> <span class='ocrx_word' id='word_1_198' title='bbox 725 3247 799 3346; x_wconf 77' lang='lat' dir='ltr'>foll</span> <span class='ocrx_word' id='word_1_199' title='bbox 840 3248 990 3323; x_wconf 79' lang='lat' dir='ltr'>Phileros.</span> <span class='ocrx_word' id='word_1_200' title='bbox 1039 3241 1182 3320; x_wconf 80' lang='lat' dir='ltr'>Etiamfi</span> 
     </span>
     <span class='ocr_line' id='line_1_31' title="bbox 236 3340 1182 3442; baseline -0.001 -23"><span class='ocrx_word' id='word_1_201' title='bbox 236 3347 346 3420; x_wconf 87' lang='lat' dir='ltr'>minus</span> <span class='ocrx_word' id='word_1_202' title='bbox 378 3345 718 3442; x_wconf 58' lang='lat' dir='ltr'>quam&#39;Burmannus&#39;</span> <span class='ocrx_word' id='word_1_203' title='bbox 737 3349 863 3422; x_wconf 85' lang='lat' dir='ltr'>Graece</span> <span class='ocrx_word' id='word_1_204' title='bbox 888 3341 999 3431; x_wconf 74' lang='lat' dir='ltr'>noui,</span> <span class='ocrx_word' id='word_1_205' title='bbox 1025 3340 1182 3418; x_wconf 89' lang='lat' dir='ltr'>constan·</span> 
     </span>
     <span class='ocr_line' id='line_1_32' title="bbox 237 3441 1181 3537; baseline -0.004 -18"><span class='ocrx_word' id='word_1_206' title='bbox 237 3464 291 3519; x_wconf 89' lang='lat' dir='ltr'>ter</span> <span class='ocrx_word' id='word_1_207' title='bbox 313 3442 455 3520; x_wconf 66' lang='lat' dir='ltr'>destant</span> <span class='ocrx_word' id='word_1_208' title='bbox 478 3445 649 3535; x_wconf 83' lang='lat' dir='ltr'>Phileros,</span> <span class='ocrx_word' id='word_1_209' title='bbox 675 3441 869 3534; x_wconf 67' lang='lat' dir='ltr'>Potionis,-</span> <span class='ocrx_word' id='word_1_210' title='bbox 903 3443 1063 3537; x_wconf 81' lang='lat' dir='ltr'>Niceros,</span> <span class='ocrx_word' id='word_1_211' title='bbox 1086 3443 1181 3516; x_wconf 84' lang='lat' dir='ltr'>Nice·</span> 
     </span>
    </p>

    <p class='ocr_par' dir='ltr' id='par_1_4' title="bbox 644 3543 1182 3642">
     <span class='ocr_line' id='line_1_33' title="bbox 644 3543 1182 3642; baseline -0.013 -22"><span class='ocrx_word' id='word_1_212' title='bbox 644 3558 648 3566; x_wconf 90' lang='lat'>&#39;</span> <span class='ocrx_word' id='word_1_213' title='bbox 743 3543 818 3642; x_wconf 84' lang='lat' dir='ltr'>C3</span> <span class='ocrx_word' id='word_1_214' title='bbox 988 3547 994 3558; x_wconf 82' lang='lat'>&#39;</span> <span class='ocrx_word' id='word_1_215' title='bbox 1133 3563 1182 3614; x_wconf 87' lang='lat' dir='ltr'>eo·</span> 
     </span>
    </p>
   </div>
   <div class='ocr_carea' id='block_1_3' title="bbox 0 0 1441 4332">
    <p class='ocr_par' dir='ltr' id='par_1_5' title="bbox 0 0 1441 4332">
     <span class='ocr_line' id='line_1_34' title="bbox 0 0 1441 4332; baseline 0 0"><span class='ocrx_word' id='word_1_216' title='bbox 0 0 1441 4332; x_wconf 95' lang='lat' dir='ltr'> </span> 
     </span>
    </p>
   </div>
  </div>
 </body>
</html>
