2864 4334
665 351 823 453 (134)

250 488 252 498 '
270 473 396 555 militer
414 475 468 549 vir
484 471 604 548 doblur
626 475 669 547 ad
689 475 850 566 Florum,
879 493 919 549 ut
936 473 1014 550 satis
1033 493 1144 550 notus
1167 474 1220 549 fit.

271 577 341 648 Sed
359 594 478 650 tamen
496 572 532 646 in
550 572 628 668 ipsis
648 569 801 647 'nummis
817 572 916 647 istam
931 575 1040 649 fidem
1057 571 1145 662 effe,
1169 573 1222 647 vi·

270 671 373 747 detur
397 673 614 748 Burmannus
645 693 803 771 negare,
830 671 903 745 hoc
925 674 1031 747 modo
1056 675 1100 746 ad
1126 671 1221 745 ‘hunc

271 771 388 846 locum
408 789 678 846 ¹commentans:
705 827 728 861 ‚,
752 772 832 846 Non
855 774 1049 868 explicarit,
1076 770 1159 868 quid
1175 769 1220 865 fi·

273 921 298 964 „
322 873 372 944 der
396 869 543 959 hiesu,
576 890 680 967 quam
705 867 747 942 in
783 871 881 943 lance
903 871 1136 966 praeferebat3
1166 867 1228 942 nist

274 1017 302 1062 a,
328 969 422 1066 quod
437 966 588 1070 Pithoeus
608 967 773 1066 intelligat
790 970 984 1065 publicam,
1006 993 1073 1066 qua
1099 991 1144 1041 ex
1162 967 1222 1038 au!

275 1117 300 1159 ‚,
323 1067 481 1140 &oritate
504 1065 719 1164 magistratus
747 1066 983 1164 perquiritur,
1015 1066 1080 1164 l'ed
1095 1067 1131 1138 iu
1155 1087 1223 1162 quo

276 1217 300 1257 ‚,
326 1164 518 1239 constiterit
548 1166 648 1254 stlat,
688 1187 731 1238 an
756 1167 907 1263 diploma
933 1166 1068 1266 aliquod
1093 1164 1223 1250 fuerit,

275 1317 304 1356 „
328 1289 397 1364 quo
415 1263 475 1358 ipst
492 1286 512 1335 a
529 1260 726 1360 magistratu
743 1263 847 1337 venia
869 1263 1063 1363 inquirendi
1086 1262 1123 1335 in
1143 1259 1225 1334 alie·

276 1393 301 1455 ς,
323 1389 383 1439 nas
401 1363 524 1434 domos
541 1363 729 1453 <iaruman
745 1385 831 1436 vero
854 1366 974 1437 tabulae
990 1360 1143 1450 testium,
1169 1355 1228 1456 qui

277 1463 419 1554 „bunc
443 1483 621 1555 puerum,
650 1463 708 1556 qui
736 1463 974 1551 aberraverat,
997 1461 1065 1534 Asc
1090 1461 1126 1533 lti
1158 1456 1226 1529 elle

277 1613 300 1650 ‚,
321 1564 540 1658 juraverant,
558 1583 627 1631 non
644 1559 756 1641 addit:
776 1559 815 1636 ἃ
831 1562 899 1633 tale
911 1559 993 1659 quid
1008 1487 1106 1632 finde
1128 1579 1227 1652 opor-

278 1711 304 1750 „
329 1657 406 1731 tuit.
458 1657 528 1728 Nifi
553 1657 627 1754 quis
644 1658 801 1734 hariolari
824 1660 952 1748 vellet,
977 1660 1013 1732 in
1040 1659 1139 1731 lance
1163 1654 1228 1726 hac

246 1839 247 1842 Ἴ
279 1755 581 1852 „imagunculam
612 1757 699 1830 Deae
725 1757 826 1832 Fidei
847 1756 971 1847 fuille,
1005 1775 1044 1829 ut
1066 1780 1129 1852 per
1149 1775 1228 1826 eam
1273 1757 1277 1764 “
1407 1753 1408 1764 ’

231 1947 234 1952 Ι
279 1909 303 1947 ,,
326 1874 549 1928 monerentur
572 1879 647 1928 rem
671 1856 844 1950 perditam
868 1857 924 1930 vel
957 1857 1106 1930 ablatam
1136 1848 1231 1925 relli-

207 1997 215 2012 =
285 2000 307 2041 ,,
330 1953 470 2028 tuere’'.
522 1954 569 2027 Bt
579 1953 665 2026 lane
686 1955 778 2049 prior
795 1953 856 2028 illa
866 1954 1050 2052 explicatio
1068 1950 1118 2025 est
1131 1951 1232 2024 nimis

281 2050 496 2149 s1mplex‚=&
512 2050 625 2126 sensus
646 2055 813 2146 apertior,
837 2077 940 2150 quam
963 2073 1003 2141 ut
1020 2051 1096 2123 viro
1112 2047 1232 2122 obscu-

280 2175 319 2222 ra
348 2149 544 2248 quaerenti,
572 2170 610 2223 ut
639 2152 701 2224 illis
723 2151 959 2227 eruditiffimas
986 2149 1233 2246 explicationes

279 2250 380 2352 poffit
403 2247 620 2338 adscribere,
657 2245 727 2320 sese
751 2254 935 2346 probatura
957 2249 1049 2322 smt.¹
1163 2257 1168 2268 “

325 2346 407 2442 Pag.
425 2353 509 2440 464.
543 2346 735 2422 Contendit
754 2347 903 2422 summus
929 2348 1078 2425 Criticus
1102 2345 1236 2421 littores

122 2537 124 2541 ι
284 2443 324 2520 &
346 2445 498 2518 viatores
524 2469 544 2518 a
568 2445 671 2519 servis
691 2447 835 2544 publicis
860 2447 1011 2524 diuersos
1037 2445 1157 2537 fuille,
1184 2447 1235 2516 id-

217 2639 220 2644 ¹
250 2619 251 2622 ,
281 2568 353 2640 que
385 2545 521 2617 acriter
548 2558 680 2642 urguet.
729 2545 801 2620 Nos
835 2567 921 2621 veto
957 2539 1235 2643 distinguendum

283 2655 445 2737 putamus
467 2697 478 2732 ‚
508 2667 615 2740 quum
638 2643 714 2719 ficri
732 2647 910 2737 potuerit,
939 2663 979 2716 ut
999 2631 1089 2717 servi
1108 2642 1235 2740 publici

288 2760 454 2836 tanquam
480 2742 630 2814 viatores
655 2739 797 2817 adhibiti
818 2743 965 2833 fuerint,
989 2730 1123 2816 littores
1146 2739 1235 2816 servi

286 2839 420 2936 publici
437 2861 507 2912 non
522 2839 677 2929 luerint,
711 2840 771 2914 sed
794 2863 853 2918 aur
877 2865 899 2916 e
923 2863 1052 2942 genere
1076 2841 1236 2917 libertino

288 2936 468 3025 homines,
493 2955 553 3012 aut
582 2961 603 3010 e
631 2937 841 3034 municipiis.
891 2939 1085 3030 Conferte,
1108 2939 1237 3040 quaesu·

285 3061 394 3123 mus,
419 3037 490 3108 duo
507 3034 603 3109 Livii
623 3036 702 3109 loca
714 3090 724 3128 ,
754 3038 793 3114 dr
808 3060 883 3113 tum
907 3040 1123 3131 renuntiate,
1150 3056 1237 3120 num

221 3161 223 3168 ’
288 3137 381 3213 iuter
397 3135 687 3232 servos'publicos
709 3135 814 3210 eriam
838 3137 988 3210 viaturos
1013 3135 1112 3212 fuisse
1128 3137 1239 3212 credi·

290 3235 360 3309 bile
398 3235 448 3309 stt.
516 3236 674 3308 Alterum
704 3234 812 3308 habet
844 3237 1059 3310 Burmannus
1096 3262 1117 3310 e
1157 3238 1238 3310 Lib.

213 3367 217 3393 ι
250 3357 260 3365 ·’
289 3329 496 3422 xxxvio,
532 3359 564 3406 c.
589 3356 645 3426 51·
699 3335 800 3428 Scipio
822 3336 862 3405 ab
898 3335 1024 3434 Rostris
1055 3338 1089 3407 in
1122 3339 1241 3430 Capito·

212 3407 218 3456 *
291 3433 373 3502 llum
403 3427 564 3525 adscendit.
618 3426 778 3528 Simulse
809 3431 955 3530 uniuersa
984 3440 1087 3509 concio
1124 3438 1243 3508 auertit

1194 3527 1238 3613 b’
