2864 4334
479 401 481 406 .
579 421 597 447 Γ
635 409 650 460 ¹

194 541 336 633 mannus
341 514 422 613 suus
436 381 779 608 nnnmniiriiias
826 507 940 608 Nunc
958 513 1068 614 igitur
1089 514 1141 632 le:

193 637 315 718 gitur:
903 671 906 678 .

205 828 207 836 ’
242 777 457 908 ffic'pieratis
477 809 596 882 honos?
618 810 892 905 arras-amplam
907 811 1026 884 inraret.
1152 835 1158 846 ·

288 915 339 988 Et
354 925 454 986 vorat
471 907 527 980 hos
539 905 766 1002 ipsasflamma
783 917 932 1004 rugus'qar
939 911 1044 1001 finus.

197 1111 317 1212 anue
349 1109 529 1182 rationee
568 1073 787 1203 pentametro
809 1121 934 1203 aperto
970 1105 1010 1180 &
1049 1103 1145 1205 facili

196 1209 305 1285 faetus
322 1209 372 1280 est
389 1205 500 1280 ve'rsus
523 1204 712 1298 obscurus,
738 1227 841 1302 quem
869 1203 1066 1279 non'facile
1088 1209 1144 1280 in·

198 1308 332 1408 telligas
358 1306 483 1402 absque
510 1305 768 1378 commentario
800 1302 953 1400 prolixo.
1000 1303 1049 1397 Et
1075 1305 1150 1400 huc¹

195 1409 276 1481 attis
295 1403 356 1479 est.
406 1403 459 1479 Ea
475 1404 608 1477 ratione
624 1404 751 1500 procul
765 1422 901 1475 arcetur
918 1399 1043 1500 vulgus
1058 1428 1145 1504 pro·

197 1505 338 1598 fanum,
361 1504 399 1578 &
415 1507 507 1577 dirae
533 1500 682 1574 Criticae
708 1501 875 1574 antistites
895 1500 1025 1576 habent
1048 1501 1146 1602 quod

196 1619 326 1704 agant,
354 1603 545 1701 praesertim
569 1619 694 1673 contra
716 1598 861 1688 Gallos,
887 1597 913 1672 st
937 1601 1143 1676 Burmann,

175 1703 320 1776 ·srnriles
350 1701 415 1774 effe
442 1701 587 1788 volunt,
618 1695 706 1798 nihil
731 1695 827 1794 penfi
851 1697 1011 1772 habentis
1078 1723 1144 1799 nec

196 1801 287 1874 suam
317 1799 423 1896 ipsius
446 1797 573 1870 famam
597 1797 766 1884 curantis,
791 1795 985 1868 dummodo
1003 1750 1146 1896 dalion,

195 1896 377 1984 (inlutos,
398 1897 436 1968 δί
451 1895 542 1968 forte
557 1893 661 1967 etiam
680 1891 904 1986 Galliceilm,
928 1915 990 1966 aut
1007 1893 1147 1974 Gnilul·¹

196 1995 307 2080 luins,
332 1992 622 2067 insectari-liceat.
672 1991 728 2062 Ita
752 1993 789 2063 in
815 1989 1053 2085 Chevraeutn‚
1079 1995 1145 2077 itu·¹

199 2095 334 2166 minem:
348 2089 423 2166 sane
445 2088 733 2180 eruditiffimum‚
759 2090 937 2164 invehitur
961 2115 1043 2190 pag.
1061 2101 1146 2187 603.

197 2195 378 2288 „Magno
404 2191 591 2264 verborum
617 2185 773 2276 ambitu,
796 2187 884 2262 nihil
898 2207 1016 2262 tamen
1039 2195 1148 2282 novi,
1245 2215 1255 2230 ·

196 2345 223 2384 „,
238 2288 275 2364 &
294 2291 365 2362 aliis
380 2287 524 2377 indicii,
549 2287 727 2378 afferens,
757 2303 797 2360 ut
816 2289 982 2362 comtulis
999 2287 1148 2364 Gallulis

198 2441 226 2480 „
244 2411 320 2460 mos
345 2385 422 2475 est·‚‘
451 2387 541 2460 hanc
570 2403 726 2458 veterum
752 2383 946 2462 defrmuis
965 2383 1148 2462 contricio

197 2488 349 2584 „spatio
371 2487 576 2584 opinionem
598 2484 760 2579 exposuit
783 2483 977 2558 Chevraeus
1005 2485 1148 2560 in-Mis·

198 2639 224 2679 „
239 2586 316 2684 cell.
336 2583 406 2656 &e
428 2589 451 2619 ”
474 2584 522 2658 Et
547 2586 584 2656 in
610 2581 814 2666 Dacierium
854 2604 917 2686 ag.
943 2593 1027 2684 605,
1050 2587 1150 2680 „Ita

197 2733 226 2777 „
247 2682 332 2754 solet
358 2684 437 2776 ille,
463 2687 522 2780 qui
542 2706 636 2756 nunc
667 2681 798 2754 unicus'
853 2683 957 2755 oratii
966 2683 1148 2784 'interpres

197 2832 224 2875 ,‚
238 2780 356 2872 audit,
383 2780 421 2852 &
449 2785 509 2880 qui
528 2777 775 2871 Dociiffimos,
800 2802 887 2876 quos
905 2779 1068 2856 omnibus
1086 2807 1147 2886 pa·

197 2880 330 2976 „ginis
365 2882 561 2976 compilat,
603 2898 923 2962 commentatorum
949 2880 1089 2962 'labores
1127 2879 1148 2955 ὲ

196 3031 222 3070 ,,
241 2975 399 3048 manibus
415 2980 571 3051 tironum
589 2975 755 3051 excutere
769 2977 914 3053 conatus
931 2979 992 3052 est.
1026 2983 1049 3015 ”
1062 2983 1149 3056 Pro·

198 3074 292 3150 fecto
318 3075 354 3146 id
369 3075 509 3173 quidem
534 3101 606 3150 non
622 3095 770 3148 conatur
790 3075 1034 3168 Burmannus,
1068 3077 1149 3155 dili·

79 3178 84 3192 '
198 3193 325 3272 genter
349 3196 472 3245 cavens
491 3226 504 3267 ,
526 3196 567 3248 ut
589 3171 744 3248 auctores
768 3173 856 3264 curn
872 3171 937 3247 suis
949 3169 1070 3267 notis,
1095 3173 1149 3254 uti

199 3291 334 3363 vocat,
367 3271 453 3343 editi
483 3275 587 3346 etiam
616 3274 762 3343 aliorum
790 3269 969 3359 observata
998 3273 1148 3350 habeant

197 3368 336 3466 junna,
361 3389 401 3442 ut
416 3390 514 3445 tanto
530 3368 739 3446 vendibrlior
760 3389 891 3444 merces
918 3367 1146 3462 summi‘Cri'-

199 3471 263 3546 tici
280 3467 460 3570 prostaret.

942 3619 945 3631 ·
1048 3521 1147 3670 'Pan
